%YAML 1.1
%TAG !u! tag:unity3d.com,2011:
--- !u!29 &1
OcclusionCullingSettings:
  m_ObjectHideFlags: 0
  serializedVersion: 2
  m_OcclusionBakeSettings:
    smallestOccluder: 5
    smallestHole: 0.25
    backfaceThreshold: 100
  m_SceneGUID: 00000000000000000000000000000000
  m_OcclusionCullingData: {fileID: 0}
--- !u!104 &2
RenderSettings:
  m_ObjectHideFlags: 0
  serializedVersion: 9
  m_Fog: 0
  m_FogColor: {r: 0.5, g: 0.5, b: 0.5, a: 1}
  m_FogMode: 3
  m_FogDensity: 0.01
  m_LinearFogStart: 0
  m_LinearFogEnd: 300
  m_AmbientSkyColor: {r: 0.212, g: 0.227, b: 0.259, a: 1}
  m_AmbientEquatorColor: {r: 0.114, g: 0.125, b: 0.133, a: 1}
  m_AmbientGroundColor: {r: 0.047, g: 0.043, b: 0.035, a: 1}
  m_AmbientIntensity: 1
  m_AmbientMode: 0
  m_SubtractiveShadowColor: {r: 0.42, g: 0.478, b: 0.627, a: 0.7647059}
  m_SkyboxMaterial: {fileID: 2100000, guid: 55e64e617a8bfff4ba846574e2651eb9, type: 2}
  m_HaloStrength: 0.5
  m_FlareStrength: 1
  m_FlareFadeSpeed: 3
  m_HaloTexture: {fileID: 0}
  m_SpotCookie: {fileID: 10001, guid: 0000000000000000e000000000000000, type: 0}
  m_DefaultReflectionMode: 0
  m_DefaultReflectionResolution: 128
  m_ReflectionBounces: 1
  m_ReflectionIntensity: 1
  m_CustomReflection: {fileID: 0}
  m_Sun: {fileID: 705507994}
  m_UseRadianceAmbientProbe: 0
--- !u!157 &3
LightmapSettings:
  m_ObjectHideFlags: 0
  serializedVersion: 12
  m_GIWorkflowMode: 1
  m_GISettings:
    serializedVersion: 2
    m_BounceScale: 1
    m_IndirectOutputScale: 1
    m_AlbedoBoost: 1
    m_EnvironmentLightingMode: 0
    m_EnableBakedLightmaps: 1
    m_EnableRealtimeLightmaps: 0
  m_LightmapEditorSettings:
    serializedVersion: 12
    m_Resolution: 2
    m_BakeResolution: 40
    m_AtlasSize: 1024
    m_AO: 0
    m_AOMaxDistance: 1
    m_CompAOExponent: 1
    m_CompAOExponentDirect: 0
    m_ExtractAmbientOcclusion: 0
    m_Padding: 2
    m_LightmapParameters: {fileID: 0}
    m_LightmapsBakeMode: 1
    m_TextureCompression: 1
    m_FinalGather: 0
    m_FinalGatherFiltering: 1
    m_FinalGatherRayCount: 256
    m_ReflectionCompression: 2
    m_MixedBakeMode: 2
    m_BakeBackend: 1
    m_PVRSampling: 1
    m_PVRDirectSampleCount: 32
    m_PVRSampleCount: 500
    m_PVRBounces: 2
    m_PVREnvironmentSampleCount: 500
    m_PVREnvironmentReferencePointCount: 2048
    m_PVRFilteringMode: 2
    m_PVRDenoiserTypeDirect: 0
    m_PVRDenoiserTypeIndirect: 0
    m_PVRDenoiserTypeAO: 0
    m_PVRFilterTypeDirect: 0
    m_PVRFilterTypeIndirect: 0
    m_PVRFilterTypeAO: 0
    m_PVREnvironmentMIS: 0
    m_PVRCulling: 1
    m_PVRFilteringGaussRadiusDirect: 1
    m_PVRFilteringGaussRadiusIndirect: 5
    m_PVRFilteringGaussRadiusAO: 2
    m_PVRFilteringAtrousPositionSigmaDirect: 0.5
    m_PVRFilteringAtrousPositionSigmaIndirect: 2
    m_PVRFilteringAtrousPositionSigmaAO: 1
    m_ExportTrainingData: 0
    m_TrainingDataDestination: TrainingData
    m_LightProbeSampleCountMultiplier: 4
  m_LightingDataAsset: {fileID: 0}
  m_LightingSettings: {fileID: 0}
--- !u!196 &4
NavMeshSettings:
  serializedVersion: 2
  m_ObjectHideFlags: 0
  m_BuildSettings:
    serializedVersion: 3
    agentTypeID: 0
    agentRadius: 0.5
    agentHeight: 2
    agentSlope: 45
    agentClimb: 0.4
    ledgeDropHeight: 0
    maxJumpAcrossDistance: 0
    minRegionArea: 2
    manualCellSize: 0
    cellSize: 0.16666667
    manualTileSize: 0
    tileSize: 256
    buildHeightMesh: 0
    maxJobWorkers: 0
    preserveTilesOutsideBounds: 0
    debug:
      m_Flags: 0
  m_NavMeshData: {fileID: 0}
--- !u!1 &6588549 stripped
GameObject:
  m_CorrespondingSourceObject: {fileID: 8164078558771037576, guid: d5d10e27889a541a7a255da264547cb3, type: 3}
  m_PrefabInstance: {fileID: 1772911254}
  m_PrefabAsset: {fileID: 0}
--- !u!114 &6588551
MonoBehaviour:
  m_ObjectHideFlags: 0
  m_CorrespondingSourceObject: {fileID: 0}
  m_PrefabInstance: {fileID: 0}
  m_PrefabAsset: {fileID: 0}
  m_GameObject: {fileID: 6588549}
  m_Enabled: 1
  m_EditorHideFlags: 0
  m_Script: {fileID: 11500000, guid: 17b3460094e434a9e936a58e66a3ed5d, type: 3}
  m_Name: 
  m_EditorClassIdentifier: 
  rotationSpeed: 1
--- !u!65 &6588552
BoxCollider:
  m_ObjectHideFlags: 0
  m_CorrespondingSourceObject: {fileID: 0}
  m_PrefabInstance: {fileID: 0}
  m_PrefabAsset: {fileID: 0}
  m_GameObject: {fileID: 6588549}
  m_Material: {fileID: 0}
  m_IncludeLayers:
    serializedVersion: 2
    m_Bits: 0
  m_ExcludeLayers:
    serializedVersion: 2
    m_Bits: 0
  m_LayerOverridePriority: 0
  m_IsTrigger: 1
  m_ProvidesContacts: 0
  m_Enabled: 1
  serializedVersion: 3
  m_Size: {x: 3.1410804, y: 3.821919, z: 0.79999995}
  m_Center: {x: -1.6952996, y: 1.9109595, z: 0.39999998}
--- !u!1 &82537066 stripped
GameObject:
  m_CorrespondingSourceObject: {fileID: 8164078558771037576, guid: 00e48e6b0f7b142b6b1244f18dfcb98d, type: 3}
  m_PrefabInstance: {fileID: 2040909717}
  m_PrefabAsset: {fileID: 0}
--- !u!114 &82537068
MonoBehaviour:
  m_ObjectHideFlags: 0
  m_CorrespondingSourceObject: {fileID: 0}
  m_PrefabInstance: {fileID: 0}
  m_PrefabAsset: {fileID: 0}
  m_GameObject: {fileID: 82537066}
  m_Enabled: 1
  m_EditorHideFlags: 0
  m_Script: {fileID: 11500000, guid: 17b3460094e434a9e936a58e66a3ed5d, type: 3}
  m_Name: 
  m_EditorClassIdentifier: 
  rotationSpeed: 1
--- !u!65 &82537069
BoxCollider:
  m_ObjectHideFlags: 0
  m_CorrespondingSourceObject: {fileID: 0}
  m_PrefabInstance: {fileID: 0}
  m_PrefabAsset: {fileID: 0}
  m_GameObject: {fileID: 82537066}
  m_Material: {fileID: 0}
  m_IncludeLayers:
    serializedVersion: 2
    m_Bits: 0
  m_ExcludeLayers:
    serializedVersion: 2
    m_Bits: 0
  m_LayerOverridePriority: 0
  m_IsTrigger: 1
  m_ProvidesContacts: 0
  m_Enabled: 1
  serializedVersion: 3
  m_Size: {x: 3.4611206, y: 3.821919, z: 0.79999995}
  m_Center: {x: -1.8526392, y: 1.9109595, z: 0.39999998}
--- !u!4 &124019090 stripped
Transform:
  m_CorrespondingSourceObject: {fileID: -8679921383154817045, guid: 9a0900f6ad7214d4badf6f801649e99c, type: 3}
  m_PrefabInstance: {fileID: 1464424706}
  m_PrefabAsset: {fileID: 0}
--- !u!1 &204441692 stripped
GameObject:
  m_CorrespondingSourceObject: {fileID: 8164078558771037576, guid: b923b2cf1ddba4eadaeccf16889827c9, type: 3}
  m_PrefabInstance: {fileID: 529434232}
  m_PrefabAsset: {fileID: 0}
--- !u!114 &204441697
MonoBehaviour:
  m_ObjectHideFlags: 0
  m_CorrespondingSourceObject: {fileID: 0}
  m_PrefabInstance: {fileID: 0}
  m_PrefabAsset: {fileID: 0}
  m_GameObject: {fileID: 204441692}
  m_Enabled: 1
  m_EditorHideFlags: 0
  m_Script: {fileID: 11500000, guid: 17b3460094e434a9e936a58e66a3ed5d, type: 3}
  m_Name: 
  m_EditorClassIdentifier: 
  rotationSpeed: 1
--- !u!65 &204441698
BoxCollider:
  m_ObjectHideFlags: 0
  m_CorrespondingSourceObject: {fileID: 0}
  m_PrefabInstance: {fileID: 0}
  m_PrefabAsset: {fileID: 0}
  m_GameObject: {fileID: 204441692}
  m_Material: {fileID: 0}
  m_IncludeLayers:
    serializedVersion: 2
    m_Bits: 0
  m_ExcludeLayers:
    serializedVersion: 2
    m_Bits: 0
  m_LayerOverridePriority: 0
  m_IsTrigger: 1
  m_ProvidesContacts: 0
  m_Enabled: 1
  serializedVersion: 3
  m_Size: {x: 3.0433996, y: 3.821919, z: 0.79999995}
  m_Center: {x: -1.6980194, y: 1.9109595, z: 0.39999998}
--- !u!1001 &244556107
PrefabInstance:
  m_ObjectHideFlags: 0
  serializedVersion: 2
  m_Modification:
    serializedVersion: 3
    m_TransformParent: {fileID: 1117511084}
    m_Modifications:
    - target: {fileID: -8679921383154817045, guid: bace159b97532451f85397b503cad23a, type: 3}
      propertyPath: m_LocalPosition.x
      value: -9.21
      objectReference: {fileID: 0}
    - target: {fileID: -8679921383154817045, guid: bace159b97532451f85397b503cad23a, type: 3}
      propertyPath: m_LocalPosition.y
      value: -1.8509594
      objectReference: {fileID: 0}
    - target: {fileID: -8679921383154817045, guid: bace159b97532451f85397b503cad23a, type: 3}
      propertyPath: m_LocalPosition.z
      value: 23
      objectReference: {fileID: 0}
    - target: {fileID: -8679921383154817045, guid: bace159b97532451f85397b503cad23a, type: 3}
      propertyPath: m_LocalRotation.w
      value: 1
      objectReference: {fileID: 0}
    - target: {fileID: -8679921383154817045, guid: bace159b97532451f85397b503cad23a, type: 3}
      propertyPath: m_LocalRotation.x
      value: -0
      objectReference: {fileID: 0}
    - target: {fileID: -8679921383154817045, guid: bace159b97532451f85397b503cad23a, type: 3}
      propertyPath: m_LocalRotation.y
      value: -0
      objectReference: {fileID: 0}
    - target: {fileID: -8679921383154817045, guid: bace159b97532451f85397b503cad23a, type: 3}
      propertyPath: m_LocalRotation.z
      value: -0
      objectReference: {fileID: 0}
    - target: {fileID: -8679921383154817045, guid: bace159b97532451f85397b503cad23a, type: 3}
      propertyPath: m_LocalEulerAnglesHint.x
      value: 0
      objectReference: {fileID: 0}
    - target: {fileID: -8679921383154817045, guid: bace159b97532451f85397b503cad23a, type: 3}
      propertyPath: m_LocalEulerAnglesHint.y
      value: 0
      objectReference: {fileID: 0}
    - target: {fileID: -8679921383154817045, guid: bace159b97532451f85397b503cad23a, type: 3}
      propertyPath: m_LocalEulerAnglesHint.z
      value: 0
      objectReference: {fileID: 0}
    - target: {fileID: -7635826562936255635, guid: bace159b97532451f85397b503cad23a, type: 3}
      propertyPath: m_Materials.Array.data[0]
      value: 
      objectReference: {fileID: 2100000, guid: 28aecfdca77774fbeaec21a4527a2ff5, type: 2}
    - target: {fileID: 919132149155446097, guid: bace159b97532451f85397b503cad23a, type: 3}
      propertyPath: m_Name
      value: A
      objectReference: {fileID: 0}
    - target: {fileID: 919132149155446097, guid: bace159b97532451f85397b503cad23a, type: 3}
      propertyPath: m_IsActive
      value: 0
      objectReference: {fileID: 0}
    - target: {fileID: 919132149155446097, guid: bace159b97532451f85397b503cad23a, type: 3}
      propertyPath: m_TagString
      value: Letter
      objectReference: {fileID: 0}
    - target: {fileID: 1151388028547126963, guid: bace159b97532451f85397b503cad23a, type: 3}
      propertyPath: m_LocalPosition.x
      value: -9.46
      objectReference: {fileID: 0}
    - target: {fileID: 1151388028547126963, guid: bace159b97532451f85397b503cad23a, type: 3}
      propertyPath: m_LocalPosition.z
      value: -11.51
      objectReference: {fileID: 0}
    - target: {fileID: 2699092741681021261, guid: bace159b97532451f85397b503cad23a, type: 3}
      propertyPath: m_Convex
      value: 1
      objectReference: {fileID: 0}
    - target: {fileID: 2699092741681021261, guid: bace159b97532451f85397b503cad23a, type: 3}
      propertyPath: m_IsTrigger
      value: 1
      objectReference: {fileID: 0}
    - target: {fileID: 8164078558771037576, guid: bace159b97532451f85397b503cad23a, type: 3}
      propertyPath: m_TagString
      value: Coin
      objectReference: {fileID: 0}
    m_RemovedComponents: []
    m_RemovedGameObjects: []
    m_AddedGameObjects: []
    m_AddedComponents:
    - targetCorrespondingSourceObject: {fileID: 8164078558771037576, guid: bace159b97532451f85397b503cad23a, type: 3}
      insertIndex: -1
      addedObject: {fileID: 874355023}
  m_SourcePrefab: {fileID: 100100000, guid: bace159b97532451f85397b503cad23a, type: 3}
--- !u!1 &311981243
GameObject:
  m_ObjectHideFlags: 0
  m_CorrespondingSourceObject: {fileID: 0}
  m_PrefabInstance: {fileID: 0}
  m_PrefabAsset: {fileID: 0}
  serializedVersion: 6
  m_Component:
  - component: {fileID: 311981247}
  - component: {fileID: 311981246}
  - component: {fileID: 311981245}
  - component: {fileID: 311981244}
  m_Layer: 0
  m_Name: Plateau
  m_TagString: Untagged
  m_Icon: {fileID: 0}
  m_NavMeshLayer: 0
  m_StaticEditorFlags: 0
  m_IsActive: 1
--- !u!64 &311981244
MeshCollider:
  m_ObjectHideFlags: 0
  m_CorrespondingSourceObject: {fileID: 0}
  m_PrefabInstance: {fileID: 0}
  m_PrefabAsset: {fileID: 0}
  m_GameObject: {fileID: 311981243}
  m_Material: {fileID: 0}
  m_IncludeLayers:
    serializedVersion: 2
    m_Bits: 0
  m_ExcludeLayers:
    serializedVersion: 2
    m_Bits: 0
  m_LayerOverridePriority: 0
  m_IsTrigger: 0
  m_ProvidesContacts: 0
  m_Enabled: 1
  serializedVersion: 5
  m_Convex: 0
  m_CookingOptions: 30
  m_Mesh: {fileID: 10209, guid: 0000000000000000e000000000000000, type: 0}
--- !u!23 &311981245
MeshRenderer:
  m_ObjectHideFlags: 0
  m_CorrespondingSourceObject: {fileID: 0}
  m_PrefabInstance: {fileID: 0}
  m_PrefabAsset: {fileID: 0}
  m_GameObject: {fileID: 311981243}
  m_Enabled: 1
  m_CastShadows: 1
  m_ReceiveShadows: 1
  m_DynamicOccludee: 1
  m_StaticShadowCaster: 0
  m_MotionVectors: 1
  m_LightProbeUsage: 1
  m_ReflectionProbeUsage: 1
  m_RayTracingMode: 2
  m_RayTraceProcedural: 0
  m_RenderingLayerMask: 1
  m_RendererPriority: 0
  m_Materials:
  - {fileID: 2100000, guid: 0cad783fc2e0d47b88894faec46e565c, type: 2}
  m_StaticBatchInfo:
    firstSubMesh: 0
    subMeshCount: 0
  m_StaticBatchRoot: {fileID: 0}
  m_ProbeAnchor: {fileID: 0}
  m_LightProbeVolumeOverride: {fileID: 0}
  m_ScaleInLightmap: 1
  m_ReceiveGI: 1
  m_PreserveUVs: 0
  m_IgnoreNormalsForChartDetection: 0
  m_ImportantGI: 0
  m_StitchLightmapSeams: 1
  m_SelectedEditorRenderState: 3
  m_MinimumChartSize: 4
  m_AutoUVMaxDistance: 0.5
  m_AutoUVMaxAngle: 89
  m_LightmapParameters: {fileID: 0}
  m_SortingLayerID: 0
  m_SortingLayer: 0
  m_SortingOrder: 0
  m_AdditionalVertexStreams: {fileID: 0}
--- !u!33 &311981246
MeshFilter:
  m_ObjectHideFlags: 0
  m_CorrespondingSourceObject: {fileID: 0}
  m_PrefabInstance: {fileID: 0}
  m_PrefabAsset: {fileID: 0}
  m_GameObject: {fileID: 311981243}
  m_Mesh: {fileID: 10209, guid: 0000000000000000e000000000000000, type: 0}
--- !u!4 &311981247
Transform:
  m_ObjectHideFlags: 0
  m_CorrespondingSourceObject: {fileID: 0}
  m_PrefabInstance: {fileID: 0}
  m_PrefabAsset: {fileID: 0}
  m_GameObject: {fileID: 311981243}
  serializedVersion: 2
  m_LocalRotation: {x: 0, y: 0, z: 0, w: 1}
  m_LocalPosition: {x: 0, y: 0, z: 0}
  m_LocalScale: {x: 5, y: 1, z: 5}
  m_ConstrainProportionsScale: 0
  m_Children:
  - {fileID: 1184126278}
  m_Father: {fileID: 0}
  m_LocalEulerAnglesHint: {x: 0, y: 0, z: 0}
--- !u!1001 &323929950
PrefabInstance:
  m_ObjectHideFlags: 0
  serializedVersion: 2
  m_Modification:
    serializedVersion: 3
    m_TransformParent: {fileID: 1117511084}
    m_Modifications:
    - target: {fileID: -8679921383154817045, guid: 284ce96f6451044de850fb054c5a8617, type: 3}
      propertyPath: m_LocalPosition.x
      value: -4.1
      objectReference: {fileID: 0}
    - target: {fileID: -8679921383154817045, guid: 284ce96f6451044de850fb054c5a8617, type: 3}
      propertyPath: m_LocalPosition.y
      value: -2.34
      objectReference: {fileID: 0}
    - target: {fileID: -8679921383154817045, guid: 284ce96f6451044de850fb054c5a8617, type: 3}
      propertyPath: m_LocalPosition.z
      value: 16.84662
      objectReference: {fileID: 0}
    - target: {fileID: -8679921383154817045, guid: 284ce96f6451044de850fb054c5a8617, type: 3}
      propertyPath: m_LocalRotation.w
      value: 1
      objectReference: {fileID: 0}
    - target: {fileID: -8679921383154817045, guid: 284ce96f6451044de850fb054c5a8617, type: 3}
      propertyPath: m_LocalRotation.x
      value: -0
      objectReference: {fileID: 0}
    - target: {fileID: -8679921383154817045, guid: 284ce96f6451044de850fb054c5a8617, type: 3}
      propertyPath: m_LocalRotation.y
      value: -0
      objectReference: {fileID: 0}
    - target: {fileID: -8679921383154817045, guid: 284ce96f6451044de850fb054c5a8617, type: 3}
      propertyPath: m_LocalRotation.z
      value: -0
      objectReference: {fileID: 0}
    - target: {fileID: -8679921383154817045, guid: 284ce96f6451044de850fb054c5a8617, type: 3}
      propertyPath: m_LocalEulerAnglesHint.x
      value: 0
      objectReference: {fileID: 0}
    - target: {fileID: -8679921383154817045, guid: 284ce96f6451044de850fb054c5a8617, type: 3}
      propertyPath: m_LocalEulerAnglesHint.y
      value: 0
      objectReference: {fileID: 0}
    - target: {fileID: -8679921383154817045, guid: 284ce96f6451044de850fb054c5a8617, type: 3}
      propertyPath: m_LocalEulerAnglesHint.z
      value: 0
      objectReference: {fileID: 0}
    - target: {fileID: -7635826562936255635, guid: 284ce96f6451044de850fb054c5a8617, type: 3}
      propertyPath: m_Materials.Array.data[0]
      value: 
      objectReference: {fileID: 2100000, guid: 28aecfdca77774fbeaec21a4527a2ff5, type: 2}
    - target: {fileID: 919132149155446097, guid: 284ce96f6451044de850fb054c5a8617, type: 3}
      propertyPath: m_Name
      value: M
      objectReference: {fileID: 0}
    - target: {fileID: 1151388028547126963, guid: 284ce96f6451044de850fb054c5a8617, type: 3}
      propertyPath: m_LocalPosition.z
      value: -14.6
      objectReference: {fileID: 0}
    - target: {fileID: 8164078558771037576, guid: 284ce96f6451044de850fb054c5a8617, type: 3}
      propertyPath: m_TagString
      value: Letter
      objectReference: {fileID: 0}
    m_RemovedComponents: []
    m_RemovedGameObjects: []
    m_AddedGameObjects: []
    m_AddedComponents:
    - targetCorrespondingSourceObject: {fileID: 8164078558771037576, guid: 284ce96f6451044de850fb054c5a8617, type: 3}
      insertIndex: -1
      addedObject: {fileID: 1146199731}
    - targetCorrespondingSourceObject: {fileID: 8164078558771037576, guid: 284ce96f6451044de850fb054c5a8617, type: 3}
      insertIndex: -1
      addedObject: {fileID: 1146199732}
  m_SourcePrefab: {fileID: 100100000, guid: 284ce96f6451044de850fb054c5a8617, type: 3}
--- !u!4 &324269934 stripped
Transform:
  m_CorrespondingSourceObject: {fileID: -8679921383154817045, guid: 00e48e6b0f7b142b6b1244f18dfcb98d, type: 3}
  m_PrefabInstance: {fileID: 2040909717}
  m_PrefabAsset: {fileID: 0}
--- !u!4 &336811050 stripped
Transform:
  m_CorrespondingSourceObject: {fileID: -8679921383154817045, guid: bace159b97532451f85397b503cad23a, type: 3}
  m_PrefabInstance: {fileID: 244556107}
  m_PrefabAsset: {fileID: 0}
--- !u!1 &366244017
GameObject:
  m_ObjectHideFlags: 0
  m_CorrespondingSourceObject: {fileID: 0}
  m_PrefabInstance: {fileID: 0}
  m_PrefabAsset: {fileID: 0}
  serializedVersion: 6
  m_Component:
  - component: {fileID: 366244021}
  - component: {fileID: 366244020}
  - component: {fileID: 366244019}
  - component: {fileID: 366244018}
  m_Layer: 5
  m_Name: Canvas
  m_TagString: Untagged
  m_Icon: {fileID: 0}
  m_NavMeshLayer: 0
  m_StaticEditorFlags: 0
  m_IsActive: 1
--- !u!114 &366244018
MonoBehaviour:
  m_ObjectHideFlags: 0
  m_CorrespondingSourceObject: {fileID: 0}
  m_PrefabInstance: {fileID: 0}
  m_PrefabAsset: {fileID: 0}
  m_GameObject: {fileID: 366244017}
  m_Enabled: 1
  m_EditorHideFlags: 0
  m_Script: {fileID: 11500000, guid: dc42784cf147c0c48a680349fa168899, type: 3}
  m_Name: 
  m_EditorClassIdentifier: 
  m_IgnoreReversedGraphics: 1
  m_BlockingObjects: 0
  m_BlockingMask:
    serializedVersion: 2
    m_Bits: 4294967295
--- !u!114 &366244019
MonoBehaviour:
  m_ObjectHideFlags: 0
  m_CorrespondingSourceObject: {fileID: 0}
  m_PrefabInstance: {fileID: 0}
  m_PrefabAsset: {fileID: 0}
  m_GameObject: {fileID: 366244017}
  m_Enabled: 1
  m_EditorHideFlags: 0
  m_Script: {fileID: 11500000, guid: 0cd44c1031e13a943bb63640046fad76, type: 3}
  m_Name: 
  m_EditorClassIdentifier: 
  m_UiScaleMode: 1
  m_ReferencePixelsPerUnit: 100
  m_ScaleFactor: 1
  m_ReferenceResolution: {x: 1920, y: 1080}
  m_ScreenMatchMode: 0
  m_MatchWidthOrHeight: 0.5
  m_PhysicalUnit: 3
  m_FallbackScreenDPI: 96
  m_DefaultSpriteDPI: 96
  m_DynamicPixelsPerUnit: 1
  m_PresetInfoIsWorld: 0
--- !u!223 &366244020
Canvas:
  m_ObjectHideFlags: 0
  m_CorrespondingSourceObject: {fileID: 0}
  m_PrefabInstance: {fileID: 0}
  m_PrefabAsset: {fileID: 0}
  m_GameObject: {fileID: 366244017}
  m_Enabled: 1
  serializedVersion: 3
  m_RenderMode: 0
  m_Camera: {fileID: 0}
  m_PlaneDistance: 100
  m_PixelPerfect: 0
  m_ReceivesEvents: 1
  m_OverrideSorting: 0
  m_OverridePixelPerfect: 0
  m_SortingBucketNormalizedSize: 0
  m_VertexColorAlwaysGammaSpace: 0
  m_AdditionalShaderChannelsFlag: 25
  m_UpdateRectTransformForStandalone: 0
  m_SortingLayerID: 0
  m_SortingOrder: 0
  m_TargetDisplay: 0
--- !u!224 &366244021
RectTransform:
  m_ObjectHideFlags: 0
  m_CorrespondingSourceObject: {fileID: 0}
  m_PrefabInstance: {fileID: 0}
  m_PrefabAsset: {fileID: 0}
  m_GameObject: {fileID: 366244017}
  m_LocalRotation: {x: 0, y: 0, z: 0, w: 1}
  m_LocalPosition: {x: 0, y: 0, z: 0}
  m_LocalScale: {x: 0, y: 0, z: 0}
  m_ConstrainProportionsScale: 0
  m_Children:
  - {fileID: 1785351385}
  m_Father: {fileID: 0}
  m_LocalEulerAnglesHint: {x: 0, y: 0, z: 0}
  m_AnchorMin: {x: 0, y: 0}
  m_AnchorMax: {x: 0, y: 0}
  m_AnchoredPosition: {x: 0, y: 0}
  m_SizeDelta: {x: 0, y: 0}
  m_Pivot: {x: 0, y: 0}
--- !u!1001 &456953788
PrefabInstance:
  m_ObjectHideFlags: 0
  serializedVersion: 2
  m_Modification:
    serializedVersion: 3
    m_TransformParent: {fileID: 0}
    m_Modifications:
    - target: {fileID: 411932951987199550, guid: c48c58ad2d9e44ed58a9e037c3cecb1d, type: 3}
      propertyPath: m_Materials.Array.data[0]
      value: 
      objectReference: {fileID: 2100000, guid: 28aecfdca77774fbeaec21a4527a2ff5, type: 2}
    - target: {fileID: 3329185784755261478, guid: c48c58ad2d9e44ed58a9e037c3cecb1d, type: 3}
      propertyPath: m_Name
      value: Coin (2)
      objectReference: {fileID: 0}
    - target: {fileID: 9103939934006816043, guid: c48c58ad2d9e44ed58a9e037c3cecb1d, type: 3}
      propertyPath: m_LocalPosition.x
      value: 15.3
      objectReference: {fileID: 0}
    - target: {fileID: 9103939934006816043, guid: c48c58ad2d9e44ed58a9e037c3cecb1d, type: 3}
      propertyPath: m_LocalPosition.y
      value: 2.2
      objectReference: {fileID: 0}
    - target: {fileID: 9103939934006816043, guid: c48c58ad2d9e44ed58a9e037c3cecb1d, type: 3}
      propertyPath: m_LocalPosition.z
      value: -13.06
      objectReference: {fileID: 0}
    - target: {fileID: 9103939934006816043, guid: c48c58ad2d9e44ed58a9e037c3cecb1d, type: 3}
      propertyPath: m_LocalRotation.w
      value: 0.7071062
      objectReference: {fileID: 0}
    - target: {fileID: 9103939934006816043, guid: c48c58ad2d9e44ed58a9e037c3cecb1d, type: 3}
      propertyPath: m_LocalRotation.x
      value: 0.7071074
      objectReference: {fileID: 0}
    - target: {fileID: 9103939934006816043, guid: c48c58ad2d9e44ed58a9e037c3cecb1d, type: 3}
      propertyPath: m_LocalRotation.y
      value: -0
      objectReference: {fileID: 0}
    - target: {fileID: 9103939934006816043, guid: c48c58ad2d9e44ed58a9e037c3cecb1d, type: 3}
      propertyPath: m_LocalRotation.z
      value: -0
      objectReference: {fileID: 0}
    - target: {fileID: 9103939934006816043, guid: c48c58ad2d9e44ed58a9e037c3cecb1d, type: 3}
      propertyPath: m_LocalEulerAnglesHint.x
      value: 90
      objectReference: {fileID: 0}
    - target: {fileID: 9103939934006816043, guid: c48c58ad2d9e44ed58a9e037c3cecb1d, type: 3}
      propertyPath: m_LocalEulerAnglesHint.y
      value: 0
      objectReference: {fileID: 0}
    - target: {fileID: 9103939934006816043, guid: c48c58ad2d9e44ed58a9e037c3cecb1d, type: 3}
      propertyPath: m_LocalEulerAnglesHint.z
      value: 0
      objectReference: {fileID: 0}
    m_RemovedComponents: []
    m_RemovedGameObjects: []
    m_AddedGameObjects: []
    m_AddedComponents: []
  m_SourcePrefab: {fileID: 100100000, guid: c48c58ad2d9e44ed58a9e037c3cecb1d, type: 3}
--- !u!1001 &529434232
PrefabInstance:
  m_ObjectHideFlags: 0
  serializedVersion: 2
  m_Modification:
    serializedVersion: 3
    m_TransformParent: {fileID: 1117511084}
    m_Modifications:
    - target: {fileID: -8679921383154817045, guid: b923b2cf1ddba4eadaeccf16889827c9, type: 3}
      propertyPath: m_LocalPosition.x
      value: 1.698019
      objectReference: {fileID: 0}
    - target: {fileID: -8679921383154817045, guid: b923b2cf1ddba4eadaeccf16889827c9, type: 3}
      propertyPath: m_LocalPosition.y
      value: -1.9109595
      objectReference: {fileID: 0}
    - target: {fileID: -8679921383154817045, guid: b923b2cf1ddba4eadaeccf16889827c9, type: 3}
      propertyPath: m_LocalPosition.z
      value: -0.39999998
      objectReference: {fileID: 0}
    - target: {fileID: -8679921383154817045, guid: b923b2cf1ddba4eadaeccf16889827c9, type: 3}
      propertyPath: m_LocalRotation.w
      value: 1
      objectReference: {fileID: 0}
    - target: {fileID: -8679921383154817045, guid: b923b2cf1ddba4eadaeccf16889827c9, type: 3}
      propertyPath: m_LocalRotation.x
      value: -0
      objectReference: {fileID: 0}
    - target: {fileID: -8679921383154817045, guid: b923b2cf1ddba4eadaeccf16889827c9, type: 3}
      propertyPath: m_LocalRotation.y
      value: -0
      objectReference: {fileID: 0}
    - target: {fileID: -8679921383154817045, guid: b923b2cf1ddba4eadaeccf16889827c9, type: 3}
      propertyPath: m_LocalRotation.z
      value: -0
      objectReference: {fileID: 0}
    - target: {fileID: -8679921383154817045, guid: b923b2cf1ddba4eadaeccf16889827c9, type: 3}
      propertyPath: m_LocalEulerAnglesHint.x
      value: 0
      objectReference: {fileID: 0}
    - target: {fileID: -8679921383154817045, guid: b923b2cf1ddba4eadaeccf16889827c9, type: 3}
      propertyPath: m_LocalEulerAnglesHint.y
      value: 0
      objectReference: {fileID: 0}
    - target: {fileID: -8679921383154817045, guid: b923b2cf1ddba4eadaeccf16889827c9, type: 3}
      propertyPath: m_LocalEulerAnglesHint.z
      value: 0
      objectReference: {fileID: 0}
    - target: {fileID: -7635826562936255635, guid: b923b2cf1ddba4eadaeccf16889827c9, type: 3}
      propertyPath: m_ReceiveShadows
      value: 1
      objectReference: {fileID: 0}
    - target: {fileID: -7635826562936255635, guid: b923b2cf1ddba4eadaeccf16889827c9, type: 3}
      propertyPath: m_Materials.Array.data[0]
      value: 
      objectReference: {fileID: 2100000, guid: 28aecfdca77774fbeaec21a4527a2ff5, type: 2}
    - target: {fileID: 919132149155446097, guid: b923b2cf1ddba4eadaeccf16889827c9, type: 3}
      propertyPath: m_Name
      value: Z
      objectReference: {fileID: 0}
    - target: {fileID: 919132149155446097, guid: b923b2cf1ddba4eadaeccf16889827c9, type: 3}
      propertyPath: m_IsActive
      value: 0
      objectReference: {fileID: 0}
    - target: {fileID: 919132149155446097, guid: b923b2cf1ddba4eadaeccf16889827c9, type: 3}
      propertyPath: m_TagString
      value: Letter
      objectReference: {fileID: 0}
    - target: {fileID: 1151388028547126963, guid: b923b2cf1ddba4eadaeccf16889827c9, type: 3}
      propertyPath: m_LocalPosition.x
      value: -1.03
      objectReference: {fileID: 0}
    - target: {fileID: 2699092741681021261, guid: b923b2cf1ddba4eadaeccf16889827c9, type: 3}
      propertyPath: m_Convex
      value: 1
      objectReference: {fileID: 0}
    - target: {fileID: 2699092741681021261, guid: b923b2cf1ddba4eadaeccf16889827c9, type: 3}
      propertyPath: m_IsTrigger
      value: 1
      objectReference: {fileID: 0}
    - target: {fileID: 8164078558771037576, guid: b923b2cf1ddba4eadaeccf16889827c9, type: 3}
      propertyPath: m_TagString
      value: Letter
      objectReference: {fileID: 0}
    - target: {fileID: 8164078558771037576, guid: b923b2cf1ddba4eadaeccf16889827c9, type: 3}
      propertyPath: m_StaticEditorFlags
      value: 0
      objectReference: {fileID: 0}
    m_RemovedComponents:
    - {fileID: 2699092741681021261, guid: b923b2cf1ddba4eadaeccf16889827c9, type: 3}
    m_RemovedGameObjects: []
    m_AddedGameObjects: []
    m_AddedComponents:
    - targetCorrespondingSourceObject: {fileID: 919132149155446097, guid: b923b2cf1ddba4eadaeccf16889827c9, type: 3}
      insertIndex: -1
      addedObject: {fileID: 1769250330}
    - targetCorrespondingSourceObject: {fileID: 919132149155446097, guid: b923b2cf1ddba4eadaeccf16889827c9, type: 3}
      insertIndex: -1
      addedObject: {fileID: 1769250331}
    - targetCorrespondingSourceObject: {fileID: 8164078558771037576, guid: b923b2cf1ddba4eadaeccf16889827c9, type: 3}
      insertIndex: -1
      addedObject: {fileID: 204441697}
    - targetCorrespondingSourceObject: {fileID: 8164078558771037576, guid: b923b2cf1ddba4eadaeccf16889827c9, type: 3}
      insertIndex: -1
      addedObject: {fileID: 204441698}
  m_SourcePrefab: {fileID: 100100000, guid: b923b2cf1ddba4eadaeccf16889827c9, type: 3}
--- !u!1001 &551472042
PrefabInstance:
  m_ObjectHideFlags: 0
  serializedVersion: 2
  m_Modification:
    serializedVersion: 3
    m_TransformParent: {fileID: 0}
    m_Modifications:
    - target: {fileID: 411932951987199550, guid: c48c58ad2d9e44ed58a9e037c3cecb1d, type: 3}
      propertyPath: m_Materials.Array.data[0]
      value: 
      objectReference: {fileID: 2100000, guid: 28aecfdca77774fbeaec21a4527a2ff5, type: 2}
    - target: {fileID: 3329185784755261478, guid: c48c58ad2d9e44ed58a9e037c3cecb1d, type: 3}
      propertyPath: m_Name
      value: Coin (1)
      objectReference: {fileID: 0}
    - target: {fileID: 9103939934006816043, guid: c48c58ad2d9e44ed58a9e037c3cecb1d, type: 3}
      propertyPath: m_LocalPosition.x
      value: 15.9
      objectReference: {fileID: 0}
    - target: {fileID: 9103939934006816043, guid: c48c58ad2d9e44ed58a9e037c3cecb1d, type: 3}
      propertyPath: m_LocalPosition.y
      value: 2.07
      objectReference: {fileID: 0}
    - target: {fileID: 9103939934006816043, guid: c48c58ad2d9e44ed58a9e037c3cecb1d, type: 3}
      propertyPath: m_LocalPosition.z
      value: 19.82
      objectReference: {fileID: 0}
    - target: {fileID: 9103939934006816043, guid: c48c58ad2d9e44ed58a9e037c3cecb1d, type: 3}
      propertyPath: m_LocalRotation.w
      value: 0.7071062
      objectReference: {fileID: 0}
    - target: {fileID: 9103939934006816043, guid: c48c58ad2d9e44ed58a9e037c3cecb1d, type: 3}
      propertyPath: m_LocalRotation.x
      value: 0.7071074
      objectReference: {fileID: 0}
    - target: {fileID: 9103939934006816043, guid: c48c58ad2d9e44ed58a9e037c3cecb1d, type: 3}
      propertyPath: m_LocalRotation.y
      value: -0
      objectReference: {fileID: 0}
    - target: {fileID: 9103939934006816043, guid: c48c58ad2d9e44ed58a9e037c3cecb1d, type: 3}
      propertyPath: m_LocalRotation.z
      value: -0
      objectReference: {fileID: 0}
    - target: {fileID: 9103939934006816043, guid: c48c58ad2d9e44ed58a9e037c3cecb1d, type: 3}
      propertyPath: m_LocalEulerAnglesHint.x
      value: 90
      objectReference: {fileID: 0}
    - target: {fileID: 9103939934006816043, guid: c48c58ad2d9e44ed58a9e037c3cecb1d, type: 3}
      propertyPath: m_LocalEulerAnglesHint.y
      value: 0
      objectReference: {fileID: 0}
    - target: {fileID: 9103939934006816043, guid: c48c58ad2d9e44ed58a9e037c3cecb1d, type: 3}
      propertyPath: m_LocalEulerAnglesHint.z
      value: 0
      objectReference: {fileID: 0}
    m_RemovedComponents: []
    m_RemovedGameObjects: []
    m_AddedGameObjects: []
    m_AddedComponents: []
  m_SourcePrefab: {fileID: 100100000, guid: c48c58ad2d9e44ed58a9e037c3cecb1d, type: 3}
--- !u!1 &705507993
GameObject:
  m_ObjectHideFlags: 0
  m_CorrespondingSourceObject: {fileID: 0}
  m_PrefabInstance: {fileID: 0}
  m_PrefabAsset: {fileID: 0}
  serializedVersion: 6
  m_Component:
  - component: {fileID: 705507995}
  - component: {fileID: 705507994}
  m_Layer: 0
  m_Name: Directional Light
  m_TagString: Untagged
  m_Icon: {fileID: 0}
  m_NavMeshLayer: 0
  m_StaticEditorFlags: 0
  m_IsActive: 1
--- !u!108 &705507994
Light:
  m_ObjectHideFlags: 0
  m_CorrespondingSourceObject: {fileID: 0}
  m_PrefabInstance: {fileID: 0}
  m_PrefabAsset: {fileID: 0}
  m_GameObject: {fileID: 705507993}
  m_Enabled: 1
  serializedVersion: 10
  m_Type: 1
  m_Shape: 0
  m_Color: {r: 1, g: 0.95686275, b: 0.8392157, a: 1}
  m_Intensity: 1
  m_Range: 10
  m_SpotAngle: 30
  m_InnerSpotAngle: 21.802082
  m_CookieSize: 10
  m_Shadows:
    m_Type: 2
    m_Resolution: -1
    m_CustomResolution: -1
    m_Strength: 1
    m_Bias: 0.05
    m_NormalBias: 0.4
    m_NearPlane: 0.2
    m_CullingMatrixOverride:
      e00: 1
      e01: 0
      e02: 0
      e03: 0
      e10: 0
      e11: 1
      e12: 0
      e13: 0
      e20: 0
      e21: 0
      e22: 1
      e23: 0
      e30: 0
      e31: 0
      e32: 0
      e33: 1
    m_UseCullingMatrixOverride: 0
  m_Cookie: {fileID: 0}
  m_DrawHalo: 0
  m_Flare: {fileID: 0}
  m_RenderMode: 0
  m_CullingMask:
    serializedVersion: 2
    m_Bits: 4294967295
  m_RenderingLayerMask: 1
  m_Lightmapping: 1
  m_LightShadowCasterMode: 0
  m_AreaSize: {x: 1, y: 1}
  m_BounceIntensity: 1
  m_ColorTemperature: 6570
  m_UseColorTemperature: 0
  m_BoundingSphereOverride: {x: 0, y: 0, z: 0, w: 0}
  m_UseBoundingSphereOverride: 0
  m_UseViewFrustumForShadowCasterCull: 1
  m_ShadowRadius: 0
  m_ShadowAngle: 0
--- !u!4 &705507995
Transform:
  m_ObjectHideFlags: 0
  m_CorrespondingSourceObject: {fileID: 0}
  m_PrefabInstance: {fileID: 0}
  m_PrefabAsset: {fileID: 0}
  m_GameObject: {fileID: 705507993}
  serializedVersion: 2
  m_LocalRotation: {x: 0.40821788, y: -0.23456968, z: 0.10938163, w: 0.8754261}
  m_LocalPosition: {x: 0, y: 3, z: 0}
  m_LocalScale: {x: 1, y: 1, z: 1}
  m_ConstrainProportionsScale: 0
  m_Children: []
  m_Father: {fileID: 0}
  m_LocalEulerAnglesHint: {x: 50, y: -30, z: 0}
--- !u!1 &874355021 stripped
GameObject:
  m_CorrespondingSourceObject: {fileID: 8164078558771037576, guid: bace159b97532451f85397b503cad23a, type: 3}
  m_PrefabInstance: {fileID: 244556107}
  m_PrefabAsset: {fileID: 0}
--- !u!114 &874355023
MonoBehaviour:
  m_ObjectHideFlags: 0
  m_CorrespondingSourceObject: {fileID: 0}
  m_PrefabInstance: {fileID: 0}
  m_PrefabAsset: {fileID: 0}
  m_GameObject: {fileID: 874355021}
  m_Enabled: 1
  m_EditorHideFlags: 0
  m_Script: {fileID: 11500000, guid: 17b3460094e434a9e936a58e66a3ed5d, type: 3}
  m_Name: 
  m_EditorClassIdentifier: 
  rotationSpeed: 1
--- !u!4 &935681860 stripped
Transform:
  m_CorrespondingSourceObject: {fileID: -8679921383154817045, guid: 284ce96f6451044de850fb054c5a8617, type: 3}
  m_PrefabInstance: {fileID: 323929950}
  m_PrefabAsset: {fileID: 0}
--- !u!1 &963194225
GameObject:
  m_ObjectHideFlags: 0
  m_CorrespondingSourceObject: {fileID: 0}
  m_PrefabInstance: {fileID: 0}
  m_PrefabAsset: {fileID: 0}
  serializedVersion: 6
  m_Component:
  - component: {fileID: 963194228}
  - component: {fileID: 963194227}
  - component: {fileID: 963194226}
  - component: {fileID: 963194229}
  m_Layer: 0
  m_Name: Main Camera
  m_TagString: MainCamera
  m_Icon: {fileID: 0}
  m_NavMeshLayer: 0
  m_StaticEditorFlags: 0
  m_IsActive: 1
--- !u!81 &963194226
AudioListener:
  m_ObjectHideFlags: 0
  m_CorrespondingSourceObject: {fileID: 0}
  m_PrefabInstance: {fileID: 0}
  m_PrefabAsset: {fileID: 0}
  m_GameObject: {fileID: 963194225}
  m_Enabled: 1
--- !u!20 &963194227
Camera:
  m_ObjectHideFlags: 0
  m_CorrespondingSourceObject: {fileID: 0}
  m_PrefabInstance: {fileID: 0}
  m_PrefabAsset: {fileID: 0}
  m_GameObject: {fileID: 963194225}
  m_Enabled: 1
  serializedVersion: 2
  m_ClearFlags: 1
  m_BackGroundColor: {r: 1, g: 0.9764151, b: 0.9764151, a: 0}
  m_projectionMatrixMode: 1
  m_GateFitMode: 2
  m_FOVAxisMode: 0
  m_Iso: 200
  m_ShutterSpeed: 0.005
  m_Aperture: 16
  m_FocusDistance: 10
  m_FocalLength: 50
  m_BladeCount: 5
  m_Curvature: {x: 2, y: 11}
  m_BarrelClipping: 0.25
  m_Anamorphism: 0
  m_SensorSize: {x: 36, y: 24}
  m_LensShift: {x: 0, y: 0}
  m_NormalizedViewPortRect:
    serializedVersion: 2
    x: 0
    y: 0
    width: 1
    height: 1
  near clip plane: 0.3
  far clip plane: 1000
  field of view: 60
  orthographic: 0
  orthographic size: 5
  m_Depth: -1
  m_CullingMask:
    serializedVersion: 2
    m_Bits: 4294967295
  m_RenderingPath: -1
  m_TargetTexture: {fileID: 0}
  m_TargetDisplay: 0
  m_TargetEye: 3
  m_HDR: 1
  m_AllowMSAA: 1
  m_AllowDynamicResolution: 0
  m_ForceIntoRT: 0
  m_OcclusionCulling: 1
  m_StereoConvergence: 10
  m_StereoSeparation: 0.022
--- !u!4 &963194228
Transform:
  m_ObjectHideFlags: 0
  m_CorrespondingSourceObject: {fileID: 0}
  m_PrefabInstance: {fileID: 0}
  m_PrefabAsset: {fileID: 0}
  m_GameObject: {fileID: 963194225}
  serializedVersion: 2
  m_LocalRotation: {x: 0, y: 0, z: 0, w: 1}
  m_LocalPosition: {x: 0, y: 10, z: -30.2}
  m_LocalScale: {x: 1, y: 1, z: 1}
  m_ConstrainProportionsScale: 0
  m_Children: []
  m_Father: {fileID: 0}
  m_LocalEulerAnglesHint: {x: 0, y: 0, z: 0}
--- !u!114 &963194229
MonoBehaviour:
  m_ObjectHideFlags: 0
  m_CorrespondingSourceObject: {fileID: 0}
  m_PrefabInstance: {fileID: 0}
  m_PrefabAsset: {fileID: 0}
  m_GameObject: {fileID: 963194225}
  m_Enabled: 1
  m_EditorHideFlags: 0
  m_Script: {fileID: 11500000, guid: 6706a70ce4321492ab62aee6426a83ec, type: 3}
  m_Name: 
  m_EditorClassIdentifier: 
  target: {fileID: 1249295266}
--- !u!1001 &1094127461
PrefabInstance:
  m_ObjectHideFlags: 0
  serializedVersion: 2
  m_Modification:
    serializedVersion: 3
    m_TransformParent: {fileID: 1117511084}
    m_Modifications:
    - target: {fileID: -8679921383154817045, guid: 0b22aacc4d8f040939249b6d59f2b029, type: 3}
      propertyPath: m_LocalPosition.x
      value: -38.7
      objectReference: {fileID: 0}
    - target: {fileID: -8679921383154817045, guid: 0b22aacc4d8f040939249b6d59f2b029, type: 3}
      propertyPath: m_LocalPosition.y
      value: -0.5205538
      objectReference: {fileID: 0}
    - target: {fileID: -8679921383154817045, guid: 0b22aacc4d8f040939249b6d59f2b029, type: 3}
      propertyPath: m_LocalPosition.z
      value: -12.053378
      objectReference: {fileID: 0}
    - target: {fileID: -8679921383154817045, guid: 0b22aacc4d8f040939249b6d59f2b029, type: 3}
      propertyPath: m_LocalRotation.w
      value: 1
      objectReference: {fileID: 0}
    - target: {fileID: -8679921383154817045, guid: 0b22aacc4d8f040939249b6d59f2b029, type: 3}
      propertyPath: m_LocalRotation.x
      value: -0
      objectReference: {fileID: 0}
    - target: {fileID: -8679921383154817045, guid: 0b22aacc4d8f040939249b6d59f2b029, type: 3}
      propertyPath: m_LocalRotation.y
      value: -0
      objectReference: {fileID: 0}
    - target: {fileID: -8679921383154817045, guid: 0b22aacc4d8f040939249b6d59f2b029, type: 3}
      propertyPath: m_LocalRotation.z
      value: -0
      objectReference: {fileID: 0}
    - target: {fileID: -8679921383154817045, guid: 0b22aacc4d8f040939249b6d59f2b029, type: 3}
      propertyPath: m_LocalEulerAnglesHint.x
      value: 0
      objectReference: {fileID: 0}
    - target: {fileID: -8679921383154817045, guid: 0b22aacc4d8f040939249b6d59f2b029, type: 3}
      propertyPath: m_LocalEulerAnglesHint.y
      value: 0
      objectReference: {fileID: 0}
    - target: {fileID: -8679921383154817045, guid: 0b22aacc4d8f040939249b6d59f2b029, type: 3}
      propertyPath: m_LocalEulerAnglesHint.z
      value: 0
      objectReference: {fileID: 0}
    - target: {fileID: -7635826562936255635, guid: 0b22aacc4d8f040939249b6d59f2b029, type: 3}
      propertyPath: m_Materials.Array.data[0]
      value: 
      objectReference: {fileID: 2100000, guid: 28aecfdca77774fbeaec21a4527a2ff5, type: 2}
    - target: {fileID: 919132149155446097, guid: 0b22aacc4d8f040939249b6d59f2b029, type: 3}
      propertyPath: m_Name
      value: S
      objectReference: {fileID: 0}
    - target: {fileID: 1151388028547126963, guid: 0b22aacc4d8f040939249b6d59f2b029, type: 3}
      propertyPath: m_LocalPosition.x
      value: 7.74
      objectReference: {fileID: 0}
    - target: {fileID: 1151388028547126963, guid: 0b22aacc4d8f040939249b6d59f2b029, type: 3}
      propertyPath: m_LocalPosition.y
      value: -1.57
      objectReference: {fileID: 0}
    - target: {fileID: 8164078558771037576, guid: 0b22aacc4d8f040939249b6d59f2b029, type: 3}
      propertyPath: m_TagString
      value: Letter
      objectReference: {fileID: 0}
    m_RemovedComponents: []
    m_RemovedGameObjects: []
    m_AddedGameObjects: []
    m_AddedComponents:
    - targetCorrespondingSourceObject: {fileID: 8164078558771037576, guid: 0b22aacc4d8f040939249b6d59f2b029, type: 3}
      insertIndex: -1
      addedObject: {fileID: 1300752723}
    - targetCorrespondingSourceObject: {fileID: 8164078558771037576, guid: 0b22aacc4d8f040939249b6d59f2b029, type: 3}
      insertIndex: -1
      addedObject: {fileID: 1300752722}
  m_SourcePrefab: {fileID: 100100000, guid: 0b22aacc4d8f040939249b6d59f2b029, type: 3}
--- !u!1 &1117511083
GameObject:
  m_ObjectHideFlags: 0
  m_CorrespondingSourceObject: {fileID: 0}
  m_PrefabInstance: {fileID: 0}
  m_PrefabAsset: {fileID: 0}
  serializedVersion: 6
  m_Component:
  - component: {fileID: 1117511084}
  m_Layer: 0
  m_Name: Lettres
  m_TagString: Untagged
  m_Icon: {fileID: 0}
  m_NavMeshLayer: 0
  m_StaticEditorFlags: 0
  m_IsActive: 1
--- !u!4 &1117511084
Transform:
  m_ObjectHideFlags: 0
  m_CorrespondingSourceObject: {fileID: 0}
  m_PrefabInstance: {fileID: 0}
  m_PrefabAsset: {fileID: 0}
  m_GameObject: {fileID: 1117511083}
  serializedVersion: 2
  m_LocalRotation: {x: 0, y: 0, z: 0, w: 1}
  m_LocalPosition: {x: 21.377995, y: 2.7409594, z: 1.1533786}
  m_LocalScale: {x: 1, y: 1, z: 1}
  m_ConstrainProportionsScale: 0
  m_Children:
  - {fileID: 1769250329}
  - {fileID: 336811050}
  - {fileID: 324269934}
  - {fileID: 124019090}
  - {fileID: 1876727897}
  - {fileID: 1846964473}
  - {fileID: 935681860}
  m_Father: {fileID: 0}
  m_LocalEulerAnglesHint: {x: 0, y: 0, z: 0}
--- !u!1 &1146199727 stripped
GameObject:
  m_CorrespondingSourceObject: {fileID: 8164078558771037576, guid: 284ce96f6451044de850fb054c5a8617, type: 3}
  m_PrefabInstance: {fileID: 323929950}
  m_PrefabAsset: {fileID: 0}
--- !u!114 &1146199731
MonoBehaviour:
  m_ObjectHideFlags: 0
  m_CorrespondingSourceObject: {fileID: 0}
  m_PrefabInstance: {fileID: 0}
  m_PrefabAsset: {fileID: 0}
  m_GameObject: {fileID: 1146199727}
  m_Enabled: 1
  m_EditorHideFlags: 0
  m_Script: {fileID: 11500000, guid: 17b3460094e434a9e936a58e66a3ed5d, type: 3}
  m_Name: 
  m_EditorClassIdentifier: 
  rotationSpeed: 1
--- !u!65 &1146199732
BoxCollider:
  m_ObjectHideFlags: 0
  m_CorrespondingSourceObject: {fileID: 0}
  m_PrefabInstance: {fileID: 0}
  m_PrefabAsset: {fileID: 0}
  m_GameObject: {fileID: 1146199727}
  m_Material: {fileID: 0}
  m_IncludeLayers:
    serializedVersion: 2
    m_Bits: 0
  m_ExcludeLayers:
    serializedVersion: 2
    m_Bits: 0
  m_LayerOverridePriority: 0
  m_IsTrigger: 1
  m_ProvidesContacts: 0
  m_Enabled: 1
  serializedVersion: 3
  m_Size: {x: 3.7161207, y: 3.821919, z: 0.79999995}
  m_Center: {x: -2.3137794, y: 1.9109595, z: 0.39999998}
--- !u!1 &1184126277
GameObject:
  m_ObjectHideFlags: 0
  m_CorrespondingSourceObject: {fileID: 0}
  m_PrefabInstance: {fileID: 0}
  m_PrefabAsset: {fileID: 0}
  serializedVersion: 6
  m_Component:
  - component: {fileID: 1184126278}
  - component: {fileID: 1184126281}
  - component: {fileID: 1184126280}
  - component: {fileID: 1184126279}
  m_Layer: 0
  m_Name: Sol
  m_TagString: Untagged
  m_Icon: {fileID: 0}
  m_NavMeshLayer: 0
  m_StaticEditorFlags: 0
  m_IsActive: 1
--- !u!4 &1184126278
Transform:
  m_ObjectHideFlags: 0
  m_CorrespondingSourceObject: {fileID: 0}
  m_PrefabInstance: {fileID: 0}
  m_PrefabAsset: {fileID: 0}
  m_GameObject: {fileID: 1184126277}
  serializedVersion: 2
  m_LocalRotation: {x: -0, y: -0, z: -0, w: 1}
  m_LocalPosition: {x: -0.020336, y: -1.5, z: -0.02723}
  m_LocalScale: {x: 9.9800005, y: 2.99, z: 9.9800005}
  m_ConstrainProportionsScale: 0
  m_Children: []
  m_Father: {fileID: 311981247}
  m_LocalEulerAnglesHint: {x: 0, y: 0, z: 0}
--- !u!65 &1184126279
BoxCollider:
  m_ObjectHideFlags: 0
  m_CorrespondingSourceObject: {fileID: 0}
  m_PrefabInstance: {fileID: 0}
  m_PrefabAsset: {fileID: 0}
  m_GameObject: {fileID: 1184126277}
  m_Material: {fileID: 0}
  m_IncludeLayers:
    serializedVersion: 2
    m_Bits: 0
  m_ExcludeLayers:
    serializedVersion: 2
    m_Bits: 0
  m_LayerOverridePriority: 0
  m_IsTrigger: 0
  m_ProvidesContacts: 0
  m_Enabled: 1
  serializedVersion: 3
  m_Size: {x: 1, y: 1, z: 1}
  m_Center: {x: 0, y: 0, z: 0}
--- !u!23 &1184126280
MeshRenderer:
  m_ObjectHideFlags: 0
  m_CorrespondingSourceObject: {fileID: 0}
  m_PrefabInstance: {fileID: 0}
  m_PrefabAsset: {fileID: 0}
  m_GameObject: {fileID: 1184126277}
  m_Enabled: 1
  m_CastShadows: 1
  m_ReceiveShadows: 1
  m_DynamicOccludee: 1
  m_StaticShadowCaster: 0
  m_MotionVectors: 1
  m_LightProbeUsage: 1
  m_ReflectionProbeUsage: 1
  m_RayTracingMode: 2
  m_RayTraceProcedural: 0
  m_RenderingLayerMask: 1
  m_RendererPriority: 0
  m_Materials:
  - {fileID: 2100000, guid: 9642dfd524d114f18997787a43808546, type: 2}
  m_StaticBatchInfo:
    firstSubMesh: 0
    subMeshCount: 0
  m_StaticBatchRoot: {fileID: 0}
  m_ProbeAnchor: {fileID: 0}
  m_LightProbeVolumeOverride: {fileID: 0}
  m_ScaleInLightmap: 1
  m_ReceiveGI: 1
  m_PreserveUVs: 0
  m_IgnoreNormalsForChartDetection: 0
  m_ImportantGI: 0
  m_StitchLightmapSeams: 1
  m_SelectedEditorRenderState: 3
  m_MinimumChartSize: 4
  m_AutoUVMaxDistance: 0.5
  m_AutoUVMaxAngle: 89
  m_LightmapParameters: {fileID: 0}
  m_SortingLayerID: 0
  m_SortingLayer: 0
  m_SortingOrder: 0
  m_AdditionalVertexStreams: {fileID: 0}
--- !u!33 &1184126281
MeshFilter:
  m_ObjectHideFlags: 0
  m_CorrespondingSourceObject: {fileID: 0}
  m_PrefabInstance: {fileID: 0}
  m_PrefabAsset: {fileID: 0}
  m_GameObject: {fileID: 1184126277}
  m_Mesh: {fileID: 10202, guid: 0000000000000000e000000000000000, type: 0}
--- !u!1 &1249295261
GameObject:
  m_ObjectHideFlags: 0
  m_CorrespondingSourceObject: {fileID: 0}
  m_PrefabInstance: {fileID: 0}
  m_PrefabAsset: {fileID: 0}
  serializedVersion: 6
  m_Component:
  - component: {fileID: 1249295266}
  - component: {fileID: 1249295265}
  - component: {fileID: 1249295264}
  - component: {fileID: 1249295263}
  - component: {fileID: 1249295262}
  - component: {fileID: 1249295267}
  m_Layer: 0
  m_Name: Ball
  m_TagString: Player
  m_Icon: {fileID: 0}
  m_NavMeshLayer: 0
  m_StaticEditorFlags: 0
  m_IsActive: 1
--- !u!54 &1249295262
Rigidbody:
  m_ObjectHideFlags: 0
  m_CorrespondingSourceObject: {fileID: 0}
  m_PrefabInstance: {fileID: 0}
  m_PrefabAsset: {fileID: 0}
  m_GameObject: {fileID: 1249295261}
  serializedVersion: 4
  m_Mass: 1
  m_Drag: 0.2
  m_AngularDrag: 0.05
  m_CenterOfMass: {x: 0, y: 0, z: 0}
  m_InertiaTensor: {x: 1, y: 1, z: 1}
  m_InertiaRotation: {x: 0, y: 0, z: 0, w: 1}
  m_IncludeLayers:
    serializedVersion: 2
    m_Bits: 0
  m_ExcludeLayers:
    serializedVersion: 2
    m_Bits: 0
  m_ImplicitCom: 1
  m_ImplicitTensor: 1
  m_UseGravity: 1
  m_IsKinematic: 0
  m_Interpolate: 0
  m_Constraints: 0
  m_CollisionDetection: 0
--- !u!135 &1249295263
SphereCollider:
  m_ObjectHideFlags: 0
  m_CorrespondingSourceObject: {fileID: 0}
  m_PrefabInstance: {fileID: 0}
  m_PrefabAsset: {fileID: 0}
  m_GameObject: {fileID: 1249295261}
  m_Material: {fileID: 0}
  m_IncludeLayers:
    serializedVersion: 2
    m_Bits: 0
  m_ExcludeLayers:
    serializedVersion: 2
    m_Bits: 0
  m_LayerOverridePriority: 0
  m_IsTrigger: 0
  m_ProvidesContacts: 0
  m_Enabled: 1
  serializedVersion: 3
  m_Radius: 0.5
  m_Center: {x: 0, y: 0, z: 0}
--- !u!23 &1249295264
MeshRenderer:
  m_ObjectHideFlags: 0
  m_CorrespondingSourceObject: {fileID: 0}
  m_PrefabInstance: {fileID: 0}
  m_PrefabAsset: {fileID: 0}
  m_GameObject: {fileID: 1249295261}
  m_Enabled: 1
  m_CastShadows: 1
  m_ReceiveShadows: 1
  m_DynamicOccludee: 1
  m_StaticShadowCaster: 0
  m_MotionVectors: 1
  m_LightProbeUsage: 1
  m_ReflectionProbeUsage: 1
  m_RayTracingMode: 2
  m_RayTraceProcedural: 0
  m_RenderingLayerMask: 1
  m_RendererPriority: 0
  m_Materials:
  - {fileID: 2100000, guid: 5e92a1e3ba4b9402d9c083855dd0d0bd, type: 2}
  m_StaticBatchInfo:
    firstSubMesh: 0
    subMeshCount: 0
  m_StaticBatchRoot: {fileID: 0}
  m_ProbeAnchor: {fileID: 0}
  m_LightProbeVolumeOverride: {fileID: 0}
  m_ScaleInLightmap: 1
  m_ReceiveGI: 1
  m_PreserveUVs: 0
  m_IgnoreNormalsForChartDetection: 0
  m_ImportantGI: 0
  m_StitchLightmapSeams: 1
  m_SelectedEditorRenderState: 3
  m_MinimumChartSize: 4
  m_AutoUVMaxDistance: 0.5
  m_AutoUVMaxAngle: 89
  m_LightmapParameters: {fileID: 0}
  m_SortingLayerID: 0
  m_SortingLayer: 0
  m_SortingOrder: 0
  m_AdditionalVertexStreams: {fileID: 0}
--- !u!33 &1249295265
MeshFilter:
  m_ObjectHideFlags: 0
  m_CorrespondingSourceObject: {fileID: 0}
  m_PrefabInstance: {fileID: 0}
  m_PrefabAsset: {fileID: 0}
  m_GameObject: {fileID: 1249295261}
  m_Mesh: {fileID: 10207, guid: 0000000000000000e000000000000000, type: 0}
--- !u!4 &1249295266
Transform:
  m_ObjectHideFlags: 0
  m_CorrespondingSourceObject: {fileID: 0}
  m_PrefabInstance: {fileID: 0}
  m_PrefabAsset: {fileID: 0}
  m_GameObject: {fileID: 1249295261}
  serializedVersion: 2
  m_LocalRotation: {x: 0, y: 0, z: 0, w: 1}
  m_LocalPosition: {x: 0, y: 3.4, z: 0}
  m_LocalScale: {x: 2, y: 2, z: 2}
  m_ConstrainProportionsScale: 0
  m_Children: []
  m_Father: {fileID: 0}
  m_LocalEulerAnglesHint: {x: 0, y: 0, z: 0}
--- !u!114 &1249295267
MonoBehaviour:
  m_ObjectHideFlags: 0
  m_CorrespondingSourceObject: {fileID: 0}
  m_PrefabInstance: {fileID: 0}
  m_PrefabAsset: {fileID: 0}
  m_GameObject: {fileID: 1249295261}
  m_Enabled: 1
  m_EditorHideFlags: 0
  m_Script: {fileID: 11500000, guid: d0508c04bb6324091a09c77fd36fa586, type: 3}
  m_Name: 
  m_EditorClassIdentifier: 
  speed: 9
  winScore: 5
  winText: {fileID: 1785351384}
--- !u!1 &1300752720 stripped
GameObject:
  m_CorrespondingSourceObject: {fileID: 8164078558771037576, guid: 0b22aacc4d8f040939249b6d59f2b029, type: 3}
  m_PrefabInstance: {fileID: 1094127461}
  m_PrefabAsset: {fileID: 0}
--- !u!114 &1300752722
MonoBehaviour:
  m_ObjectHideFlags: 0
  m_CorrespondingSourceObject: {fileID: 0}
  m_PrefabInstance: {fileID: 0}
  m_PrefabAsset: {fileID: 0}
  m_GameObject: {fileID: 1300752720}
  m_Enabled: 1
  m_EditorHideFlags: 0
  m_Script: {fileID: 11500000, guid: 17b3460094e434a9e936a58e66a3ed5d, type: 3}
  m_Name: 
  m_EditorClassIdentifier: 
  rotationSpeed: 1
--- !u!65 &1300752723
BoxCollider:
  m_ObjectHideFlags: 0
  m_CorrespondingSourceObject: {fileID: 0}
  m_PrefabInstance: {fileID: 0}
  m_PrefabAsset: {fileID: 0}
  m_GameObject: {fileID: 1300752720}
  m_Material: {fileID: 0}
  m_IncludeLayers:
    serializedVersion: 2
    m_Bits: 0
  m_ExcludeLayers:
    serializedVersion: 2
    m_Bits: 0
  m_LayerOverridePriority: 0
  m_IsTrigger: 1
  m_ProvidesContacts: 0
  m_Enabled: 1
  serializedVersion: 3
  m_Size: {x: 3.1980407, y: 3.9331188, z: 0.79999995}
  m_Center: {x: -1.8512994, y: 1.9123199, z: 0.39999998}
--- !u!1001 &1464424706
PrefabInstance:
  m_ObjectHideFlags: 0
  serializedVersion: 2
  m_Modification:
    serializedVersion: 3
    m_TransformParent: {fileID: 1117511084}
    m_Modifications:
    - target: {fileID: -8679921383154817045, guid: 9a0900f6ad7214d4badf6f801649e99c, type: 3}
      propertyPath: m_LocalPosition.x
      value: -19.114246
      objectReference: {fileID: 0}
    - target: {fileID: -8679921383154817045, guid: 9a0900f6ad7214d4badf6f801649e99c, type: 3}
      propertyPath: m_LocalPosition.y
      value: -2.7409585
      objectReference: {fileID: 0}
    - target: {fileID: -8679921383154817045, guid: 9a0900f6ad7214d4badf6f801649e99c, type: 3}
      propertyPath: m_LocalPosition.z
      value: -18.32484
      objectReference: {fileID: 0}
    - target: {fileID: -8679921383154817045, guid: 9a0900f6ad7214d4badf6f801649e99c, type: 3}
      propertyPath: m_LocalRotation.w
      value: 1
      objectReference: {fileID: 0}
    - target: {fileID: -8679921383154817045, guid: 9a0900f6ad7214d4badf6f801649e99c, type: 3}
      propertyPath: m_LocalRotation.x
      value: -0
      objectReference: {fileID: 0}
    - target: {fileID: -8679921383154817045, guid: 9a0900f6ad7214d4badf6f801649e99c, type: 3}
      propertyPath: m_LocalRotation.y
      value: -0
      objectReference: {fileID: 0}
    - target: {fileID: -8679921383154817045, guid: 9a0900f6ad7214d4badf6f801649e99c, type: 3}
      propertyPath: m_LocalRotation.z
      value: -0
      objectReference: {fileID: 0}
    - target: {fileID: -8679921383154817045, guid: 9a0900f6ad7214d4badf6f801649e99c, type: 3}
      propertyPath: m_LocalEulerAnglesHint.x
      value: 0
      objectReference: {fileID: 0}
    - target: {fileID: -8679921383154817045, guid: 9a0900f6ad7214d4badf6f801649e99c, type: 3}
      propertyPath: m_LocalEulerAnglesHint.y
      value: 0
      objectReference: {fileID: 0}
    - target: {fileID: -8679921383154817045, guid: 9a0900f6ad7214d4badf6f801649e99c, type: 3}
      propertyPath: m_LocalEulerAnglesHint.z
      value: 0
      objectReference: {fileID: 0}
    - target: {fileID: -7635826562936255635, guid: 9a0900f6ad7214d4badf6f801649e99c, type: 3}
      propertyPath: m_Materials.Array.data[0]
      value: 
      objectReference: {fileID: 2100000, guid: 28aecfdca77774fbeaec21a4527a2ff5, type: 2}
    - target: {fileID: 919132149155446097, guid: 9a0900f6ad7214d4badf6f801649e99c, type: 3}
      propertyPath: m_Name
      value: N
      objectReference: {fileID: 0}
    - target: {fileID: 919132149155446097, guid: 9a0900f6ad7214d4badf6f801649e99c, type: 3}
      propertyPath: m_IsActive
      value: 1
      objectReference: {fileID: 0}
    - target: {fileID: 1151388028547126963, guid: 9a0900f6ad7214d4badf6f801649e99c, type: 3}
      propertyPath: m_LocalPosition.x
      value: -18.1
      objectReference: {fileID: 0}
    - target: {fileID: 1151388028547126963, guid: 9a0900f6ad7214d4badf6f801649e99c, type: 3}
      propertyPath: m_LocalPosition.z
      value: 15.07
      objectReference: {fileID: 0}
    - target: {fileID: 8164078558771037576, guid: 9a0900f6ad7214d4badf6f801649e99c, type: 3}
      propertyPath: m_TagString
      value: Letter
      objectReference: {fileID: 0}
    m_RemovedComponents: []
    m_RemovedGameObjects: []
    m_AddedGameObjects: []
    m_AddedComponents:
    - targetCorrespondingSourceObject: {fileID: 8164078558771037576, guid: 9a0900f6ad7214d4badf6f801649e99c, type: 3}
      insertIndex: -1
      addedObject: {fileID: 1974604985}
    - targetCorrespondingSourceObject: {fileID: 8164078558771037576, guid: 9a0900f6ad7214d4badf6f801649e99c, type: 3}
      insertIndex: -1
      addedObject: {fileID: 1974604984}
  m_SourcePrefab: {fileID: 100100000, guid: 9a0900f6ad7214d4badf6f801649e99c, type: 3}
--- !u!1001 &1558772566
PrefabInstance:
  m_ObjectHideFlags: 0
  serializedVersion: 2
  m_Modification:
    serializedVersion: 3
    m_TransformParent: {fileID: 0}
    m_Modifications:
    - target: {fileID: -8679921383154817045, guid: 73a1b33c2ccf642dfaa64ba7c6bcf340, type: 3}
      propertyPath: m_LocalPosition.x
      value: -21.86
      objectReference: {fileID: 0}
    - target: {fileID: -8679921383154817045, guid: 73a1b33c2ccf642dfaa64ba7c6bcf340, type: 3}
      propertyPath: m_LocalPosition.y
      value: 0.15
      objectReference: {fileID: 0}
    - target: {fileID: -8679921383154817045, guid: 73a1b33c2ccf642dfaa64ba7c6bcf340, type: 3}
      propertyPath: m_LocalPosition.z
      value: -23.81
      objectReference: {fileID: 0}
    - target: {fileID: -8679921383154817045, guid: 73a1b33c2ccf642dfaa64ba7c6bcf340, type: 3}
      propertyPath: m_LocalRotation.w
      value: 0.7071068
      objectReference: {fileID: 0}
    - target: {fileID: -8679921383154817045, guid: 73a1b33c2ccf642dfaa64ba7c6bcf340, type: 3}
      propertyPath: m_LocalRotation.x
      value: -0.7071068
      objectReference: {fileID: 0}
    - target: {fileID: -8679921383154817045, guid: 73a1b33c2ccf642dfaa64ba7c6bcf340, type: 3}
      propertyPath: m_LocalRotation.y
      value: 0
      objectReference: {fileID: 0}
    - target: {fileID: -8679921383154817045, guid: 73a1b33c2ccf642dfaa64ba7c6bcf340, type: 3}
      propertyPath: m_LocalRotation.z
      value: 0
      objectReference: {fileID: 0}
    - target: {fileID: -8679921383154817045, guid: 73a1b33c2ccf642dfaa64ba7c6bcf340, type: 3}
      propertyPath: m_LocalEulerAnglesHint.x
      value: -90
      objectReference: {fileID: 0}
    - target: {fileID: -8679921383154817045, guid: 73a1b33c2ccf642dfaa64ba7c6bcf340, type: 3}
      propertyPath: m_LocalEulerAnglesHint.y
      value: 0
      objectReference: {fileID: 0}
    - target: {fileID: -8679921383154817045, guid: 73a1b33c2ccf642dfaa64ba7c6bcf340, type: 3}
      propertyPath: m_LocalEulerAnglesHint.z
      value: 0
      objectReference: {fileID: 0}
    - target: {fileID: -7635826562936255635, guid: 73a1b33c2ccf642dfaa64ba7c6bcf340, type: 3}
      propertyPath: m_Materials.Array.data[0]
      value: 
      objectReference: {fileID: 2100000, guid: 87a83632c356841b682a684631f4c8d8, type: 2}
    - target: {fileID: 919132149155446097, guid: 73a1b33c2ccf642dfaa64ba7c6bcf340, type: 3}
      propertyPath: m_Name
      value: heartBonus
      objectReference: {fileID: 0}
    - target: {fileID: 8164078558771037576, guid: 73a1b33c2ccf642dfaa64ba7c6bcf340, type: 3}
      propertyPath: m_TagString
      value: bonus
      objectReference: {fileID: 0}
    m_RemovedComponents: []
    m_RemovedGameObjects: []
    m_AddedGameObjects: []
    m_AddedComponents:
    - targetCorrespondingSourceObject: {fileID: 8164078558771037576, guid: 73a1b33c2ccf642dfaa64ba7c6bcf340, type: 3}
      insertIndex: -1
      addedObject: {fileID: 2017065914}
    - targetCorrespondingSourceObject: {fileID: 8164078558771037576, guid: 73a1b33c2ccf642dfaa64ba7c6bcf340, type: 3}
      insertIndex: -1
      addedObject: {fileID: 2017065917}
  m_SourcePrefab: {fileID: 100100000, guid: 73a1b33c2ccf642dfaa64ba7c6bcf340, type: 3}
--- !u!1 &1740405148
GameObject:
  m_ObjectHideFlags: 0
  m_CorrespondingSourceObject: {fileID: 0}
  m_PrefabInstance: {fileID: 0}
  m_PrefabAsset: {fileID: 0}
  serializedVersion: 6
  m_Component:
  - component: {fileID: 1740405150}
  - component: {fileID: 1740405149}
  m_Layer: 0
  m_Name: GameManager
  m_TagString: Untagged
  m_Icon: {fileID: 0}
  m_NavMeshLayer: 0
  m_StaticEditorFlags: 0
  m_IsActive: 1
--- !u!114 &1740405149
MonoBehaviour:
  m_ObjectHideFlags: 0
  m_CorrespondingSourceObject: {fileID: 0}
  m_PrefabInstance: {fileID: 0}
  m_PrefabAsset: {fileID: 0}
  m_GameObject: {fileID: 1740405148}
  m_Enabled: 1
  m_EditorHideFlags: 0
  m_Script: {fileID: 11500000, guid: 9cd94c09bc79f440686b0d2cb376ce81, type: 3}
  m_Name: 
  m_EditorClassIdentifier: 
--- !u!4 &1740405150
Transform:
  m_ObjectHideFlags: 0
  m_CorrespondingSourceObject: {fileID: 0}
  m_PrefabInstance: {fileID: 0}
  m_PrefabAsset: {fileID: 0}
  m_GameObject: {fileID: 1740405148}
  serializedVersion: 2
  m_LocalRotation: {x: 0, y: 0, z: 0, w: 1}
  m_LocalPosition: {x: 8.146732, y: -0.42707366, z: 0.06070083}
  m_LocalScale: {x: 1, y: 1, z: 1}
  m_ConstrainProportionsScale: 0
  m_Children: []
  m_Father: {fileID: 0}
  m_LocalEulerAnglesHint: {x: 0, y: 0, z: 0}
--- !u!1 &1769250328 stripped
GameObject:
  m_CorrespondingSourceObject: {fileID: 919132149155446097, guid: b923b2cf1ddba4eadaeccf16889827c9, type: 3}
  m_PrefabInstance: {fileID: 529434232}
  m_PrefabAsset: {fileID: 0}
--- !u!4 &1769250329 stripped
Transform:
  m_CorrespondingSourceObject: {fileID: -8679921383154817045, guid: b923b2cf1ddba4eadaeccf16889827c9, type: 3}
  m_PrefabInstance: {fileID: 529434232}
  m_PrefabAsset: {fileID: 0}
--- !u!114 &1769250330
MonoBehaviour:
  m_ObjectHideFlags: 0
  m_CorrespondingSourceObject: {fileID: 0}
  m_PrefabInstance: {fileID: 0}
  m_PrefabAsset: {fileID: 0}
  m_GameObject: {fileID: 1769250328}
  m_Enabled: 1
  m_EditorHideFlags: 0
  m_Script: {fileID: 11500000, guid: 17b3460094e434a9e936a58e66a3ed5d, type: 3}
  m_Name: 
  m_EditorClassIdentifier: 
  rotationSpeed: 2
--- !u!64 &1769250331
MeshCollider:
  m_ObjectHideFlags: 0
  m_CorrespondingSourceObject: {fileID: 0}
  m_PrefabInstance: {fileID: 0}
  m_PrefabAsset: {fileID: 0}
  m_GameObject: {fileID: 1769250328}
  m_Material: {fileID: 0}
  m_IncludeLayers:
    serializedVersion: 2
    m_Bits: 0
  m_ExcludeLayers:
    serializedVersion: 2
    m_Bits: 0
  m_LayerOverridePriority: 0
  m_IsTrigger: 0
  m_ProvidesContacts: 0
  m_Enabled: 1
  serializedVersion: 5
  m_Convex: 0
  m_CookingOptions: 30
  m_Mesh: {fileID: 0}
--- !u!1001 &1772911254
PrefabInstance:
  m_ObjectHideFlags: 0
  serializedVersion: 2
  m_Modification:
    serializedVersion: 3
    m_TransformParent: {fileID: 1117511084}
    m_Modifications:
    - target: {fileID: -8679921383154817045, guid: d5d10e27889a541a7a255da264547cb3, type: 3}
      propertyPath: m_LocalPosition.x
      value: -11.929251
      objectReference: {fileID: 0}
    - target: {fileID: -8679921383154817045, guid: d5d10e27889a541a7a255da264547cb3, type: 3}
      propertyPath: m_LocalPosition.y
      value: -1.8909594
      objectReference: {fileID: 0}
    - target: {fileID: -8679921383154817045, guid: d5d10e27889a541a7a255da264547cb3, type: 3}
      propertyPath: m_LocalPosition.z
      value: 0.72568977
      objectReference: {fileID: 0}
    - target: {fileID: -8679921383154817045, guid: d5d10e27889a541a7a255da264547cb3, type: 3}
      propertyPath: m_LocalRotation.w
      value: 1
      objectReference: {fileID: 0}
    - target: {fileID: -8679921383154817045, guid: d5d10e27889a541a7a255da264547cb3, type: 3}
      propertyPath: m_LocalRotation.x
      value: -0
      objectReference: {fileID: 0}
    - target: {fileID: -8679921383154817045, guid: d5d10e27889a541a7a255da264547cb3, type: 3}
      propertyPath: m_LocalRotation.y
      value: -0
      objectReference: {fileID: 0}
    - target: {fileID: -8679921383154817045, guid: d5d10e27889a541a7a255da264547cb3, type: 3}
      propertyPath: m_LocalRotation.z
      value: -0
      objectReference: {fileID: 0}
    - target: {fileID: -8679921383154817045, guid: d5d10e27889a541a7a255da264547cb3, type: 3}
      propertyPath: m_LocalEulerAnglesHint.x
      value: 0
      objectReference: {fileID: 0}
    - target: {fileID: -8679921383154817045, guid: d5d10e27889a541a7a255da264547cb3, type: 3}
      propertyPath: m_LocalEulerAnglesHint.y
      value: 0
      objectReference: {fileID: 0}
    - target: {fileID: -8679921383154817045, guid: d5d10e27889a541a7a255da264547cb3, type: 3}
      propertyPath: m_LocalEulerAnglesHint.z
      value: 0
      objectReference: {fileID: 0}
    - target: {fileID: -7635826562936255635, guid: d5d10e27889a541a7a255da264547cb3, type: 3}
      propertyPath: m_Materials.Array.data[0]
      value: 
      objectReference: {fileID: 2100000, guid: 28aecfdca77774fbeaec21a4527a2ff5, type: 2}
    - target: {fileID: 919132149155446097, guid: d5d10e27889a541a7a255da264547cb3, type: 3}
      propertyPath: m_Name
      value: T
      objectReference: {fileID: 0}
    - target: {fileID: 1151388028547126963, guid: d5d10e27889a541a7a255da264547cb3, type: 3}
      propertyPath: m_LocalPosition.x
      value: -11.3
      objectReference: {fileID: 0}
    - target: {fileID: 1151388028547126963, guid: d5d10e27889a541a7a255da264547cb3, type: 3}
      propertyPath: m_LocalPosition.z
      value: 12.7
      objectReference: {fileID: 0}
    - target: {fileID: 8164078558771037576, guid: d5d10e27889a541a7a255da264547cb3, type: 3}
      propertyPath: m_TagString
      value: Letter
      objectReference: {fileID: 0}
    m_RemovedComponents: []
    m_RemovedGameObjects: []
    m_AddedGameObjects: []
    m_AddedComponents:
    - targetCorrespondingSourceObject: {fileID: 8164078558771037576, guid: d5d10e27889a541a7a255da264547cb3, type: 3}
      insertIndex: -1
      addedObject: {fileID: 6588552}
    - targetCorrespondingSourceObject: {fileID: 8164078558771037576, guid: d5d10e27889a541a7a255da264547cb3, type: 3}
      insertIndex: -1
      addedObject: {fileID: 6588551}
  m_SourcePrefab: {fileID: 100100000, guid: d5d10e27889a541a7a255da264547cb3, type: 3}
--- !u!1 &1785351384
GameObject:
  m_ObjectHideFlags: 0
  m_CorrespondingSourceObject: {fileID: 0}
  m_PrefabInstance: {fileID: 0}
  m_PrefabAsset: {fileID: 0}
  serializedVersion: 6
  m_Component:
  - component: {fileID: 1785351385}
  - component: {fileID: 1785351387}
  - component: {fileID: 1785351386}
  m_Layer: 5
  m_Name: WinText
  m_TagString: Untagged
  m_Icon: {fileID: 0}
  m_NavMeshLayer: 0
  m_StaticEditorFlags: 0
  m_IsActive: 0
--- !u!224 &1785351385
RectTransform:
  m_ObjectHideFlags: 0
  m_CorrespondingSourceObject: {fileID: 0}
  m_PrefabInstance: {fileID: 0}
  m_PrefabAsset: {fileID: 0}
  m_GameObject: {fileID: 1785351384}
  m_LocalRotation: {x: 0, y: 0, z: 0, w: 1}
  m_LocalPosition: {x: 0, y: 0, z: 0}
  m_LocalScale: {x: 1, y: 1, z: 1}
  m_ConstrainProportionsScale: 0
  m_Children: []
  m_Father: {fileID: 366244021}
  m_LocalEulerAnglesHint: {x: 0, y: 0, z: 0}
  m_AnchorMin: {x: 0.5, y: 0.5}
  m_AnchorMax: {x: 0.5, y: 0.5}
  m_AnchoredPosition: {x: -0.000015259, y: 5.1}
  m_SizeDelta: {x: 814.7301, y: 307.706}
  m_Pivot: {x: 0.5, y: 0.5}
--- !u!114 &1785351386
MonoBehaviour:
  m_ObjectHideFlags: 0
  m_CorrespondingSourceObject: {fileID: 0}
  m_PrefabInstance: {fileID: 0}
  m_PrefabAsset: {fileID: 0}
  m_GameObject: {fileID: 1785351384}
  m_Enabled: 1
  m_EditorHideFlags: 0
  m_Script: {fileID: 11500000, guid: f4688fdb7df04437aeb418b961361dc5, type: 3}
  m_Name: 
  m_EditorClassIdentifier: 
  m_Material: {fileID: 0}
  m_Color: {r: 1, g: 1, b: 1, a: 1}
  m_RaycastTarget: 1
  m_RaycastPadding: {x: 0, y: 0, z: 0, w: 0}
  m_Maskable: 1
  m_OnCullStateChanged:
    m_PersistentCalls:
      m_Calls: []
  m_text: YOU WIN
  m_isRightToLeft: 0
  m_fontAsset: {fileID: 11400000, guid: 8f586378b4e144a9851e7b34d9b748ee, type: 2}
  m_sharedMaterial: {fileID: 2180264, guid: 8f586378b4e144a9851e7b34d9b748ee, type: 2}
  m_fontSharedMaterials: []
  m_fontMaterial: {fileID: 0}
  m_fontMaterials: []
  m_fontColor32:
    serializedVersion: 2
    rgba: 4282694399
  m_fontColor: {r: 1, g: 0.7294118, b: 0.26666668, a: 1}
  m_enableVertexGradient: 0
  m_colorMode: 3
  m_fontColorGradient:
    topLeft: {r: 1, g: 1, b: 1, a: 1}
    topRight: {r: 1, g: 1, b: 1, a: 1}
    bottomLeft: {r: 1, g: 1, b: 1, a: 1}
    bottomRight: {r: 1, g: 1, b: 1, a: 1}
  m_fontColorGradientPreset: {fileID: 0}
  m_spriteAsset: {fileID: 0}
  m_tintAllSprites: 0
  m_StyleSheet: {fileID: 0}
  m_TextStyleHashCode: -1183493901
  m_overrideHtmlColors: 0
  m_faceColor:
    serializedVersion: 2
    rgba: 4294967295
  m_fontSize: 180
  m_fontSizeBase: 180
  m_fontWeight: 400
  m_enableAutoSizing: 0
  m_fontSizeMin: 18
  m_fontSizeMax: 72
  m_fontStyle: 1
  m_HorizontalAlignment: 2
  m_VerticalAlignment: 512
  m_textAlignment: 65535
  m_characterSpacing: 0
  m_wordSpacing: 0
  m_lineSpacing: 0
  m_lineSpacingMax: 0
  m_paragraphSpacing: 0
  m_charWidthMaxAdj: 0
  m_enableWordWrapping: 1
  m_wordWrappingRatios: 0.4
  m_overflowMode: 0
  m_linkedTextComponent: {fileID: 0}
  parentLinkedComponent: {fileID: 0}
  m_enableKerning: 1
  m_enableExtraPadding: 0
  checkPaddingRequired: 0
  m_isRichText: 1
  m_parseCtrlCharacters: 1
  m_isOrthographic: 1
  m_isCullingEnabled: 0
  m_horizontalMapping: 0
  m_verticalMapping: 0
  m_uvLineOffset: 0
  m_geometrySortingOrder: 0
  m_IsTextObjectScaleStatic: 0
  m_VertexBufferAutoSizeReduction: 0
  m_useMaxVisibleDescender: 1
  m_pageToDisplay: 1
  m_margin: {x: 0, y: 0, z: -103.45801, w: 0}
  m_isUsingLegacyAnimationComponent: 0
  m_isVolumetricText: 0
  m_hasFontAssetChanged: 0
  m_baseMaterial: {fileID: 0}
  m_maskOffset: {x: 0, y: 0, z: 0, w: 0}
--- !u!222 &1785351387
CanvasRenderer:
  m_ObjectHideFlags: 0
  m_CorrespondingSourceObject: {fileID: 0}
  m_PrefabInstance: {fileID: 0}
  m_PrefabAsset: {fileID: 0}
  m_GameObject: {fileID: 1785351384}
  m_CullTransparentMesh: 1
--- !u!4 &1846964473 stripped
Transform:
  m_CorrespondingSourceObject: {fileID: -8679921383154817045, guid: d5d10e27889a541a7a255da264547cb3, type: 3}
  m_PrefabInstance: {fileID: 1772911254}
  m_PrefabAsset: {fileID: 0}
--- !u!4 &1876727897 stripped
Transform:
  m_CorrespondingSourceObject: {fileID: -8679921383154817045, guid: 0b22aacc4d8f040939249b6d59f2b029, type: 3}
  m_PrefabInstance: {fileID: 1094127461}
  m_PrefabAsset: {fileID: 0}
--- !u!1 &1974604982 stripped
GameObject:
  m_CorrespondingSourceObject: {fileID: 8164078558771037576, guid: 9a0900f6ad7214d4badf6f801649e99c, type: 3}
  m_PrefabInstance: {fileID: 1464424706}
  m_PrefabAsset: {fileID: 0}
--- !u!114 &1974604984
MonoBehaviour:
  m_ObjectHideFlags: 0
  m_CorrespondingSourceObject: {fileID: 0}
  m_PrefabInstance: {fileID: 0}
  m_PrefabAsset: {fileID: 0}
  m_GameObject: {fileID: 1974604982}
  m_Enabled: 1
  m_EditorHideFlags: 0
  m_Script: {fileID: 11500000, guid: 17b3460094e434a9e936a58e66a3ed5d, type: 3}
  m_Name: 
  m_EditorClassIdentifier: 
  rotationSpeed: 1
--- !u!65 &1974604985
BoxCollider:
  m_ObjectHideFlags: 0
  m_CorrespondingSourceObject: {fileID: 0}
  m_PrefabInstance: {fileID: 0}
  m_PrefabAsset: {fileID: 0}
  m_GameObject: {fileID: 1974604982}
  m_Material: {fileID: 0}
  m_IncludeLayers:
    serializedVersion: 2
    m_Bits: 0
  m_ExcludeLayers:
    serializedVersion: 2
    m_Bits: 0
  m_LayerOverridePriority: 0
  m_IsTrigger: 1
  m_ProvidesContacts: 0
  m_Enabled: 1
  serializedVersion: 3
  m_Size: {x: 3.1030798, y: 3.821919, z: 0.79999995}
  m_Center: {x: -2.007259, y: 1.9109595, z: 0.39999998}
--- !u!1 &2017065912 stripped
GameObject:
  m_CorrespondingSourceObject: {fileID: 8164078558771037576, guid: 73a1b33c2ccf642dfaa64ba7c6bcf340, type: 3}
  m_PrefabInstance: {fileID: 1558772566}
  m_PrefabAsset: {fileID: 0}
--- !u!65 &2017065914
BoxCollider:
  m_ObjectHideFlags: 0
  m_CorrespondingSourceObject: {fileID: 0}
  m_PrefabInstance: {fileID: 0}
  m_PrefabAsset: {fileID: 0}
  m_GameObject: {fileID: 2017065912}
  m_Material: {fileID: 0}
  m_IncludeLayers:
    serializedVersion: 2
    m_Bits: 0
  m_ExcludeLayers:
    serializedVersion: 2
    m_Bits: 0
  m_LayerOverridePriority: 0
  m_IsTrigger: 1
  m_ProvidesContacts: 0
  m_Enabled: 1
  serializedVersion: 3
  m_Size: {x: 3.8452938, y: 2.3071768, z: 3.3560503}
  m_Center: {x: -0.00000011920929, y: -0.00000011920932, z: 1.791678}
--- !u!114 &2017065917
MonoBehaviour:
  m_ObjectHideFlags: 0
  m_CorrespondingSourceObject: {fileID: 0}
  m_PrefabInstance: {fileID: 0}
  m_PrefabAsset: {fileID: 0}
  m_GameObject: {fileID: 2017065912}
  m_Enabled: 1
  m_EditorHideFlags: 0
  m_Script: {fileID: 11500000, guid: 2bffe3c6f6c9b44a6b9e1a1b5559b438, type: 3}
  m_Name: 
  m_EditorClassIdentifier: 
  speedRotation: 1
--- !u!1001 &2040909717
PrefabInstance:
  m_ObjectHideFlags: 0
  serializedVersion: 2
  m_Modification:
    serializedVersion: 3
    m_TransformParent: {fileID: 1117511084}
    m_Modifications:
    - target: {fileID: -8679921383154817045, guid: 00e48e6b0f7b142b6b1244f18dfcb98d, type: 3}
      propertyPath: m_LocalPosition.x
      value: -11.400982
      objectReference: {fileID: 0}
    - target: {fileID: -8679921383154817045, guid: 00e48e6b0f7b142b6b1244f18dfcb98d, type: 3}
      propertyPath: m_LocalPosition.y
      value: -2.7409585
      objectReference: {fileID: 0}
    - target: {fileID: -8679921383154817045, guid: 00e48e6b0f7b142b6b1244f18dfcb98d, type: 3}
      propertyPath: m_LocalPosition.z
      value: -22.80843
      objectReference: {fileID: 0}
    - target: {fileID: -8679921383154817045, guid: 00e48e6b0f7b142b6b1244f18dfcb98d, type: 3}
      propertyPath: m_LocalRotation.w
      value: 1
      objectReference: {fileID: 0}
    - target: {fileID: -8679921383154817045, guid: 00e48e6b0f7b142b6b1244f18dfcb98d, type: 3}
      propertyPath: m_LocalRotation.x
      value: -0
      objectReference: {fileID: 0}
    - target: {fileID: -8679921383154817045, guid: 00e48e6b0f7b142b6b1244f18dfcb98d, type: 3}
      propertyPath: m_LocalRotation.y
      value: -0
      objectReference: {fileID: 0}
    - target: {fileID: -8679921383154817045, guid: 00e48e6b0f7b142b6b1244f18dfcb98d, type: 3}
      propertyPath: m_LocalRotation.z
      value: -0
      objectReference: {fileID: 0}
    - target: {fileID: -8679921383154817045, guid: 00e48e6b0f7b142b6b1244f18dfcb98d, type: 3}
      propertyPath: m_LocalEulerAnglesHint.x
      value: 0
      objectReference: {fileID: 0}
    - target: {fileID: -8679921383154817045, guid: 00e48e6b0f7b142b6b1244f18dfcb98d, type: 3}
      propertyPath: m_LocalEulerAnglesHint.y
      value: 0
      objectReference: {fileID: 0}
    - target: {fileID: -8679921383154817045, guid: 00e48e6b0f7b142b6b1244f18dfcb98d, type: 3}
      propertyPath: m_LocalEulerAnglesHint.z
      value: 0
      objectReference: {fileID: 0}
    - target: {fileID: -7635826562936255635, guid: 00e48e6b0f7b142b6b1244f18dfcb98d, type: 3}
      propertyPath: m_Materials.Array.data[0]
      value: 
      objectReference: {fileID: 2100000, guid: 28aecfdca77774fbeaec21a4527a2ff5, type: 2}
    - target: {fileID: 919132149155446097, guid: 00e48e6b0f7b142b6b1244f18dfcb98d, type: 3}
      propertyPath: m_Name
      value: Y
      objectReference: {fileID: 0}
    - target: {fileID: 919132149155446097, guid: 00e48e6b0f7b142b6b1244f18dfcb98d, type: 3}
      propertyPath: m_IsActive
      value: 1
      objectReference: {fileID: 0}
    - target: {fileID: 919132149155446097, guid: 00e48e6b0f7b142b6b1244f18dfcb98d, type: 3}
      propertyPath: m_TagString
      value: Letter
      objectReference: {fileID: 0}
    - target: {fileID: 8164078558771037576, guid: 00e48e6b0f7b142b6b1244f18dfcb98d, type: 3}
      propertyPath: m_TagString
      value: Letter
      objectReference: {fileID: 0}
    m_RemovedComponents: []
    m_RemovedGameObjects: []
    m_AddedGameObjects: []
    m_AddedComponents:
    - targetCorrespondingSourceObject: {fileID: 8164078558771037576, guid: 00e48e6b0f7b142b6b1244f18dfcb98d, type: 3}
      insertIndex: -1
      addedObject: {fileID: 82537069}
    - targetCorrespondingSourceObject: {fileID: 8164078558771037576, guid: 00e48e6b0f7b142b6b1244f18dfcb98d, type: 3}
      insertIndex: -1
      addedObject: {fileID: 82537068}
  m_SourcePrefab: {fileID: 100100000, guid: 00e48e6b0f7b142b6b1244f18dfcb98d, type: 3}
--- !u!1001 &4547306284984775823
PrefabInstance:
  m_ObjectHideFlags: 0
  serializedVersion: 2
  m_Modification:
    serializedVersion: 3
    m_TransformParent: {fileID: 0}
    m_Modifications:
    - target: {fileID: 411932951987199550, guid: c48c58ad2d9e44ed58a9e037c3cecb1d, type: 3}
      propertyPath: m_Materials.Array.data[0]
      value: 
      objectReference: {fileID: 2100000, guid: 28aecfdca77774fbeaec21a4527a2ff5, type: 2}
    - target: {fileID: 3329185784755261478, guid: c48c58ad2d9e44ed58a9e037c3cecb1d, type: 3}
      propertyPath: m_Name
      value: Coin
      objectReference: {fileID: 0}
    - target: {fileID: 9103939934006816043, guid: c48c58ad2d9e44ed58a9e037c3cecb1d, type: 3}
      propertyPath: m_LocalPosition.x
      value: -15.1
      objectReference: {fileID: 0}
    - target: {fileID: 9103939934006816043, guid: c48c58ad2d9e44ed58a9e037c3cecb1d, type: 3}
      propertyPath: m_LocalPosition.y
      value: 2.1
      objectReference: {fileID: 0}
    - target: {fileID: 9103939934006816043, guid: c48c58ad2d9e44ed58a9e037c3cecb1d, type: 3}
      propertyPath: m_LocalPosition.z
      value: 6.5
      objectReference: {fileID: 0}
    - target: {fileID: 9103939934006816043, guid: c48c58ad2d9e44ed58a9e037c3cecb1d, type: 3}
      propertyPath: m_LocalRotation.w
      value: 0.7071062
      objectReference: {fileID: 0}
    - target: {fileID: 9103939934006816043, guid: c48c58ad2d9e44ed58a9e037c3cecb1d, type: 3}
      propertyPath: m_LocalRotation.x
      value: 0.7071074
      objectReference: {fileID: 0}
    - target: {fileID: 9103939934006816043, guid: c48c58ad2d9e44ed58a9e037c3cecb1d, type: 3}
      propertyPath: m_LocalRotation.y
      value: -0
      objectReference: {fileID: 0}
    - target: {fileID: 9103939934006816043, guid: c48c58ad2d9e44ed58a9e037c3cecb1d, type: 3}
      propertyPath: m_LocalRotation.z
      value: -0
      objectReference: {fileID: 0}
    - target: {fileID: 9103939934006816043, guid: c48c58ad2d9e44ed58a9e037c3cecb1d, type: 3}
      propertyPath: m_LocalEulerAnglesHint.x
      value: 90
      objectReference: {fileID: 0}
    - target: {fileID: 9103939934006816043, guid: c48c58ad2d9e44ed58a9e037c3cecb1d, type: 3}
      propertyPath: m_LocalEulerAnglesHint.y
      value: 0
      objectReference: {fileID: 0}
    - target: {fileID: 9103939934006816043, guid: c48c58ad2d9e44ed58a9e037c3cecb1d, type: 3}
      propertyPath: m_LocalEulerAnglesHint.z
      value: 0
      objectReference: {fileID: 0}
    m_RemovedComponents: []
    m_RemovedGameObjects: []
    m_AddedGameObjects: []
    m_AddedComponents: []
  m_SourcePrefab: {fileID: 100100000, guid: c48c58ad2d9e44ed58a9e037c3cecb1d, type: 3}
--- !u!1660057539 &9223372036854775807
SceneRoots:
  m_ObjectHideFlags: 0
  m_Roots:
  - {fileID: 963194228}
  - {fileID: 705507995}
  - {fileID: 1740405150}
  - {fileID: 311981247}
  - {fileID: 1249295266}
  - {fileID: 4547306284984775823}
  - {fileID: 551472042}
  - {fileID: 456953788}
  - {fileID: 366244021}
  - {fileID: 1117511084}
  - {fileID: 1558772566}
